%YAML 1.1
%TAG !u! tag:unity3d.com,2011:
--- !u!1001 &100100000
Prefab:
  m_ObjectHideFlags: 1
  serializedVersion: 2
  m_Modification:
    m_TransformParent: {fileID: 0}
    m_Modifications: []
    m_RemovedComponents: []
  m_ParentPrefab: {fileID: 0}
  m_RootGameObject: {fileID: 1985620382929812}
  m_IsPrefabParent: 1
--- !u!1 &1353848944843814
GameObject:
  m_ObjectHideFlags: 0
  m_PrefabParentObject: {fileID: 0}
  m_PrefabInternal: {fileID: 100100000}
  serializedVersion: 5
  m_Component:
  - component: {fileID: 4446343973325996}
  - component: {fileID: 65377441939099100}
  m_Layer: 27
  m_Name: '-'
  m_TagString: Untagged
  m_Icon: {fileID: 0}
  m_NavMeshLayer: 0
  m_StaticEditorFlags: 0
  m_IsActive: 1
--- !u!1 &1415197283049604
GameObject:
  m_ObjectHideFlags: 0
  m_PrefabParentObject: {fileID: 0}
  m_PrefabInternal: {fileID: 100100000}
  serializedVersion: 5
  m_Component:
  - component: {fileID: 4982738864218148}
  - component: {fileID: 65112250468013384}
  m_Layer: 29
  m_Name: "\uAD6C\uB9E4 \uC885\uB958"
  m_TagString: Untagged
  m_Icon: {fileID: 0}
  m_NavMeshLayer: 0
  m_StaticEditorFlags: 0
  m_IsActive: 1
--- !u!1 &1662991405418618
GameObject:
  m_ObjectHideFlags: 0
  m_PrefabParentObject: {fileID: 0}
  m_PrefabInternal: {fileID: 100100000}
  serializedVersion: 5
  m_Component:
  - component: {fileID: 4135542724769108}
  - component: {fileID: 65957605869450932}
  m_Layer: 29
  m_Name: "\uC8FC\uBB38 \uAE30\uB85D"
  m_TagString: Untagged
  m_Icon: {fileID: 0}
  m_NavMeshLayer: 0
  m_StaticEditorFlags: 0
  m_IsActive: 1
--- !u!1 &1670439102292344
GameObject:
  m_ObjectHideFlags: 0
  m_PrefabParentObject: {fileID: 0}
  m_PrefabInternal: {fileID: 100100000}
  serializedVersion: 5
  m_Component:
  - component: {fileID: 4077167639203848}
  - component: {fileID: 65036221192246090}
  m_Layer: 29
  m_Name: "\uAD6C\uB9E4 \uB2F4\uB2F9\uC790"
  m_TagString: Untagged
  m_Icon: {fileID: 0}
  m_NavMeshLayer: 0
  m_StaticEditorFlags: 0
  m_IsActive: 1
--- !u!1 &1884474168800652
GameObject:
  m_ObjectHideFlags: 0
  m_PrefabParentObject: {fileID: 0}
  m_PrefabInternal: {fileID: 100100000}
  serializedVersion: 5
  m_Component:
  - component: {fileID: 4000098468070088}
  - component: {fileID: 65326585591144620}
  m_Layer: 29
  m_Name: "\uAD6C\uB9E4 \uC218\uB7C9"
  m_TagString: Untagged
  m_Icon: {fileID: 0}
  m_NavMeshLayer: 0
  m_StaticEditorFlags: 0
  m_IsActive: 1
--- !u!1 &1985620382929812
GameObject:
  m_ObjectHideFlags: 0
  m_PrefabParentObject: {fileID: 0}
  m_PrefabInternal: {fileID: 100100000}
  serializedVersion: 5
  m_Component:
  - component: {fileID: 4228697033031326}
  - component: {fileID: 33723574288604152}
  - component: {fileID: 23823005267026654}
  m_Layer: 28
  m_Name: "\uAC1C\uC778\uCC45\uC0C1"
  m_TagString: Untagged
  m_Icon: {fileID: 0}
  m_NavMeshLayer: 0
  m_StaticEditorFlags: 4294967295
  m_IsActive: 1
--- !u!4 &4000098468070088
Transform:
  m_ObjectHideFlags: 1
  m_PrefabParentObject: {fileID: 0}
  m_PrefabInternal: {fileID: 100100000}
  m_GameObject: {fileID: 1884474168800652}
  m_LocalRotation: {x: 0.70121217, y: 0.09111275, z: 0.09111275, w: 0.70121217}
  m_LocalPosition: {x: -0.009814414, y: -0.010567749, z: 0.0027}
  m_LocalScale: {x: 1, y: 1, z: 1}
  m_Children: []
  m_Father: {fileID: 4228697033031326}
  m_RootOrder: 2
  m_LocalEulerAnglesHint: {x: 0, y: 1.3800001, z: 0}
--- !u!4 &4077167639203848
Transform:
  m_ObjectHideFlags: 1
  m_PrefabParentObject: {fileID: 0}
  m_PrefabInternal: {fileID: 100100000}
  m_GameObject: {fileID: 1670439102292344}
  m_LocalRotation: {x: 0.70121217, y: 0.09111275, z: 0.09111275, w: 0.70121217}
  m_LocalPosition: {x: -0.07410777, y: -0.025916187, z: 0.0027}
  m_LocalScale: {x: 1, y: 1, z: 1}
  m_Children: []
  m_Father: {fileID: 4228697033031326}
  m_RootOrder: 3
  m_LocalEulerAnglesHint: {x: 0, y: 1.3800001, z: 0}
--- !u!4 &4135542724769108
Transform:
  m_ObjectHideFlags: 1
  m_PrefabParentObject: {fileID: 0}
  m_PrefabInternal: {fileID: 100100000}
  m_GameObject: {fileID: 1662991405418618}
  m_LocalRotation: {x: 0.700671, y: 0.0951851, z: 0.0951851, w: 0.700671}
  m_LocalPosition: {x: 0.009316687, y: 0.14615814, z: 0.002700016}
  m_LocalScale: {x: 1, y: 1, z: 1}
  m_Children: []
  m_Father: {fileID: 4228697033031326}
  m_RootOrder: 0
  m_LocalEulerAnglesHint: {x: 0, y: 2.046, z: 0}
--- !u!4 &4228697033031326
Transform:
  m_ObjectHideFlags: 1
  m_PrefabParentObject: {fileID: 0}
  m_PrefabInternal: {fileID: 100100000}
  m_GameObject: {fileID: 1985620382929812}
  m_LocalRotation: {x: -0.7022585, y: -0.082661964, z: -0.082661964, w: 0.7022585}
  m_LocalPosition: {x: 0, y: 0.127, z: 0}
  m_LocalScale: {x: 1, y: 1, z: 1}
  m_Children:
  - {fileID: 4135542724769108}
  - {fileID: 4982738864218148}
  - {fileID: 4000098468070088}
  - {fileID: 4077167639203848}
  - {fileID: 4446343973325996}
  m_Father: {fileID: 0}
  m_RootOrder: 0
  m_LocalEulerAnglesHint: {x: -90.00001, y: 0, z: -13.427001}
--- !u!4 &4446343973325996
Transform:
  m_ObjectHideFlags: 1
  m_PrefabParentObject: {fileID: 0}
  m_PrefabInternal: {fileID: 100100000}
  m_GameObject: {fileID: 1353848944843814}
  m_LocalRotation: {x: 0.70121217, y: 0.09111275, z: 0.09111275, w: 0.70121217}
  m_LocalPosition: {x: -0.004398939, y: -0.0031063375, z: -0.0041000033}
  m_LocalScale: {x: 1, y: 1, z: 1}
  m_Children: []
  m_Father: {fileID: 4228697033031326}
  m_RootOrder: 4
  m_LocalEulerAnglesHint: {x: 0, y: 1.3800001, z: 0}
--- !u!4 &4982738864218148
Transform:
  m_ObjectHideFlags: 1
  m_PrefabParentObject: {fileID: 0}
  m_PrefabInternal: {fileID: 100100000}
  m_GameObject: {fileID: 1415197283049604}
  m_LocalRotation: {x: 0.70121217, y: 0.09111275, z: 0.09111275, w: 0.70121217}
  m_LocalPosition: {x: 0.06605369, y: 0.007543873, z: 0.0027}
  m_LocalScale: {x: 1, y: 1, z: 1}
  m_Children: []
  m_Father: {fileID: 4228697033031326}
  m_RootOrder: 1
  m_LocalEulerAnglesHint: {x: 0, y: 1.3800001, z: 0}
--- !u!23 &23823005267026654
MeshRenderer:
  m_ObjectHideFlags: 1
  m_PrefabParentObject: {fileID: 0}
  m_PrefabInternal: {fileID: 100100000}
  m_GameObject: {fileID: 1985620382929812}
  m_Enabled: 1
  m_CastShadows: 1
  m_ReceiveShadows: 1
  m_MotionVectors: 1
  m_LightProbeUsage: 1
  m_ReflectionProbeUsage: 1
  m_Materials:
  - {fileID: 2100000, guid: 406815242f0d33949a42ea6483ec5cfd, type: 2}
  m_StaticBatchInfo:
    firstSubMesh: 0
    subMeshCount: 0
  m_StaticBatchRoot: {fileID: 0}
  m_ProbeAnchor: {fileID: 0}
  m_LightProbeVolumeOverride: {fileID: 0}
  m_ScaleInLightmap: 1
  m_PreserveUVs: 0
  m_IgnoreNormalsForChartDetection: 0
  m_ImportantGI: 0
  m_SelectedEditorRenderState: 3
  m_MinimumChartSize: 4
  m_AutoUVMaxDistance: 0.5
  m_AutoUVMaxAngle: 89
  m_LightmapParameters: {fileID: 0}
  m_SortingLayerID: 0
  m_SortingLayer: 0
  m_SortingOrder: 0
--- !u!33 &33723574288604152
MeshFilter:
  m_ObjectHideFlags: 1
  m_PrefabParentObject: {fileID: 0}
  m_PrefabInternal: {fileID: 100100000}
  m_GameObject: {fileID: 1985620382929812}
  m_Mesh: {fileID: 4300002, guid: 64b508a57d30a0e41af0792f749dc6d9, type: 3}
--- !u!65 &65036221192246090
BoxCollider:
  m_ObjectHideFlags: 1
  m_PrefabParentObject: {fileID: 0}
  m_PrefabInternal: {fileID: 100100000}
  m_GameObject: {fileID: 1670439102292344}
  m_Material: {fileID: 0}
  m_IsTrigger: 0
  m_Enabled: 1
  serializedVersion: 2
  m_Size: {x: 0.07, y: 0.005, z: 0.27}
  m_Center: {x: 0, y: 0, z: 0}
--- !u!65 &65112250468013384
BoxCollider:
  m_ObjectHideFlags: 1
  m_PrefabParentObject: {fileID: 0}
  m_PrefabInternal: {fileID: 100100000}
  m_GameObject: {fileID: 1415197283049604}
  m_Material: {fileID: 0}
  m_IsTrigger: 0
  m_Enabled: 1
  serializedVersion: 2
  m_Size: {x: 0.08, y: 0.005, z: 0.27}
  m_Center: {x: 0, y: 0, z: 0}
--- !u!65 &65326585591144620
BoxCollider:
  m_ObjectHideFlags: 1
  m_PrefabParentObject: {fileID: 0}
  m_PrefabInternal: {fileID: 100100000}
  m_GameObject: {fileID: 1884474168800652}
  m_Material: {fileID: 0}
  m_IsTrigger: 0
  m_Enabled: 1
  serializedVersion: 2
  m_Size: {x: 0.05, y: 0.005, z: 0.27}
  m_Center: {x: 0, y: 0, z: 0}
--- !u!65 &65377441939099100
BoxCollider:
  m_ObjectHideFlags: 1
  m_PrefabParentObject: {fileID: 0}
  m_PrefabInternal: {fileID: 100100000}
  m_GameObject: {fileID: 1353848944843814}
  m_Material: {fileID: 0}
  m_IsTrigger: 0
  m_Enabled: 1
  serializedVersion: 2
  m_Size: {x: 0.23, y: 0.005, z: 0.31}
  m_Center: {x: 0, y: 0, z: 0}
--- !u!65 &65957605869450932
BoxCollider:
  m_ObjectHideFlags: 1
  m_PrefabParentObject: {fileID: 0}
  m_PrefabInternal: {fileID: 100100000}
  m_GameObject: {fileID: 1662991405418618}
  m_Material: {fileID: 0}
  m_IsTrigger: 0
  m_Enabled: 1
  serializedVersion: 2
  m_Size: {x: 0.12, y: 0.005, z: 0.02}
  m_Center: {x: 0, y: 0, z: 0}
