%YAML 1.1
%TAG !u! tag:unity3d.com,2011:
--- !u!1001 &100100000
Prefab:
  m_ObjectHideFlags: 1
  serializedVersion: 2
  m_Modification:
    m_TransformParent: {fileID: 0}
    m_Modifications: []
    m_RemovedComponents: []
  m_ParentPrefab: {fileID: 0}
  m_RootGameObject: {fileID: 1255321310050884}
  m_IsPrefabParent: 1
--- !u!1 &1055149590865550
GameObject:
  m_ObjectHideFlags: 0
  m_PrefabParentObject: {fileID: 0}
  m_PrefabInternal: {fileID: 100100000}
  serializedVersion: 5
  m_Component:
  - component: {fileID: 4813852318438354}
  - component: {fileID: 108617401110039244}
  m_Layer: 0
  m_Name: Spotlight (7)
  m_TagString: Untagged
  m_Icon: {fileID: 0}
  m_NavMeshLayer: 0
  m_StaticEditorFlags: 0
  m_IsActive: 1
--- !u!1 &1113779757640872
GameObject:
  m_ObjectHideFlags: 0
  m_PrefabParentObject: {fileID: 0}
  m_PrefabInternal: {fileID: 100100000}
  serializedVersion: 5
  m_Component:
  - component: {fileID: 4567689564743046}
  - component: {fileID: 108376517004681234}
  m_Layer: 8
  m_Name: street_light
  m_TagString: Untagged
  m_Icon: {fileID: 0}
  m_NavMeshLayer: 0
  m_StaticEditorFlags: 0
  m_IsActive: 1
--- !u!1 &1124059920649826
GameObject:
  m_ObjectHideFlags: 0
  m_PrefabParentObject: {fileID: 0}
  m_PrefabInternal: {fileID: 100100000}
  serializedVersion: 5
  m_Component:
  - component: {fileID: 4396687420116678}
  - component: {fileID: 108526782431751816}
  m_Layer: 0
  m_Name: Point light (8)
  m_TagString: Untagged
  m_Icon: {fileID: 0}
  m_NavMeshLayer: 0
  m_StaticEditorFlags: 0
  m_IsActive: 1
--- !u!1 &1134379076547914
GameObject:
  m_ObjectHideFlags: 0
  m_PrefabParentObject: {fileID: 0}
  m_PrefabInternal: {fileID: 100100000}
  serializedVersion: 5
  m_Component:
  - component: {fileID: 4959440396572768}
  - component: {fileID: 108698988446489490}
  m_Layer: 0
  m_Name: Area Light
  m_TagString: Untagged
  m_Icon: {fileID: 0}
  m_NavMeshLayer: 0
  m_StaticEditorFlags: 0
  m_IsActive: 1
--- !u!1 &1144499481589200
GameObject:
  m_ObjectHideFlags: 0
  m_PrefabParentObject: {fileID: 0}
  m_PrefabInternal: {fileID: 100100000}
  serializedVersion: 5
  m_Component:
  - component: {fileID: 4097620235863068}
  - component: {fileID: 108873305848310042}
  m_Layer: 8
  m_Name: street_light
  m_TagString: Untagged
  m_Icon: {fileID: 0}
  m_NavMeshLayer: 0
  m_StaticEditorFlags: 0
  m_IsActive: 1
--- !u!1 &1182343309875630
GameObject:
  m_ObjectHideFlags: 0
  m_PrefabParentObject: {fileID: 0}
  m_PrefabInternal: {fileID: 100100000}
  serializedVersion: 5
  m_Component:
  - component: {fileID: 4674802910641126}
  - component: {fileID: 108544125065762360}
  - component: {fileID: 114734389268569424}
  m_Layer: 0
  m_Name: Spotlight (2)
  m_TagString: Untagged
  m_Icon: {fileID: 0}
  m_NavMeshLayer: 0
  m_StaticEditorFlags: 0
  m_IsActive: 1
--- !u!1 &1234377603329582
GameObject:
  m_ObjectHideFlags: 0
  m_PrefabParentObject: {fileID: 0}
  m_PrefabInternal: {fileID: 100100000}
  serializedVersion: 5
  m_Component:
  - component: {fileID: 4826039565412658}
  - component: {fileID: 108568339949420004}
  m_Layer: 0
  m_Name: Spotlight (4)
  m_TagString: Untagged
  m_Icon: {fileID: 0}
  m_NavMeshLayer: 0
  m_StaticEditorFlags: 0
  m_IsActive: 1
--- !u!1 &1235090897572302
GameObject:
  m_ObjectHideFlags: 0
  m_PrefabParentObject: {fileID: 0}
  m_PrefabInternal: {fileID: 100100000}
  serializedVersion: 5
  m_Component:
  - component: {fileID: 4816342619007956}
  - component: {fileID: 108648564008142282}
  m_Layer: 0
  m_Name: Spotlight
  m_TagString: Untagged
  m_Icon: {fileID: 0}
  m_NavMeshLayer: 0
  m_StaticEditorFlags: 0
  m_IsActive: 1
--- !u!1 &1255321310050884
GameObject:
  m_ObjectHideFlags: 0
  m_PrefabParentObject: {fileID: 0}
  m_PrefabInternal: {fileID: 100100000}
  serializedVersion: 5
  m_Component:
  - component: {fileID: 4274308585476134}
  m_Layer: 0
  m_Name: light_night_new
  m_TagString: Untagged
  m_Icon: {fileID: 0}
  m_NavMeshLayer: 0
  m_StaticEditorFlags: 0
  m_IsActive: 1
--- !u!1 &1324643623550918
GameObject:
  m_ObjectHideFlags: 0
  m_PrefabParentObject: {fileID: 0}
  m_PrefabInternal: {fileID: 100100000}
  serializedVersion: 5
  m_Component:
  - component: {fileID: 4499720909129458}
  - component: {fileID: 108766703101418734}
  m_Layer: 0
  m_Name: Spotlight (5)
  m_TagString: Untagged
  m_Icon: {fileID: 0}
  m_NavMeshLayer: 0
  m_StaticEditorFlags: 0
  m_IsActive: 1
--- !u!1 &1337822185077556
GameObject:
  m_ObjectHideFlags: 0
  m_PrefabParentObject: {fileID: 0}
  m_PrefabInternal: {fileID: 100100000}
  serializedVersion: 5
  m_Component:
  - component: {fileID: 4566566322040380}
  - component: {fileID: 108345000055922526}
  m_Layer: 8
  m_Name: street_light
  m_TagString: Untagged
  m_Icon: {fileID: 0}
  m_NavMeshLayer: 0
  m_StaticEditorFlags: 0
  m_IsActive: 1
--- !u!1 &1386422035216054
GameObject:
  m_ObjectHideFlags: 0
  m_PrefabParentObject: {fileID: 0}
  m_PrefabInternal: {fileID: 100100000}
  serializedVersion: 5
  m_Component:
  - component: {fileID: 4775206739532728}
  - component: {fileID: 215638583008164310}
  m_Layer: 0
  m_Name: Reflection Probe
  m_TagString: Untagged
  m_Icon: {fileID: 0}
  m_NavMeshLayer: 0
  m_StaticEditorFlags: 0
  m_IsActive: 1
--- !u!1 &1407903185858466
GameObject:
  m_ObjectHideFlags: 0
  m_PrefabParentObject: {fileID: 0}
  m_PrefabInternal: {fileID: 100100000}
  serializedVersion: 5
  m_Component:
  - component: {fileID: 4257049833207032}
  - component: {fileID: 108128095751427294}
  m_Layer: 0
  m_Name: Spotlight (3)
  m_TagString: Untagged
  m_Icon: {fileID: 0}
  m_NavMeshLayer: 0
  m_StaticEditorFlags: 0
  m_IsActive: 1
--- !u!1 &1514589818521516
GameObject:
  m_ObjectHideFlags: 0
  m_PrefabParentObject: {fileID: 0}
  m_PrefabInternal: {fileID: 100100000}
  serializedVersion: 5
  m_Component:
  - component: {fileID: 4638951609080078}
  - component: {fileID: 108757541260930292}
  m_Layer: 8
  m_Name: street_light
  m_TagString: Untagged
  m_Icon: {fileID: 0}
  m_NavMeshLayer: 0
  m_StaticEditorFlags: 0
  m_IsActive: 1
--- !u!1 &1587434835255150
GameObject:
  m_ObjectHideFlags: 0
  m_PrefabParentObject: {fileID: 0}
  m_PrefabInternal: {fileID: 100100000}
  serializedVersion: 5
  m_Component:
  - component: {fileID: 4723949945757904}
  - component: {fileID: 108959778591893660}
  m_Layer: 0
  m_Name: Spotlight (1)
  m_TagString: Untagged
  m_Icon: {fileID: 0}
  m_NavMeshLayer: 0
  m_StaticEditorFlags: 0
  m_IsActive: 1
--- !u!1 &1622385414949414
GameObject:
  m_ObjectHideFlags: 0
  m_PrefabParentObject: {fileID: 0}
  m_PrefabInternal: {fileID: 100100000}
  serializedVersion: 5
  m_Component:
  - component: {fileID: 4356615635960812}
  - component: {fileID: 220406346123240056}
  m_Layer: 0
  m_Name: Light Probe Group
  m_TagString: Untagged
  m_Icon: {fileID: 0}
  m_NavMeshLayer: 0
  m_StaticEditorFlags: 0
  m_IsActive: 1
--- !u!1 &1729639845784670
GameObject:
  m_ObjectHideFlags: 0
  m_PrefabParentObject: {fileID: 0}
  m_PrefabInternal: {fileID: 100100000}
  serializedVersion: 5
  m_Component:
  - component: {fileID: 4256213537426918}
  - component: {fileID: 108702950878118008}
  m_Layer: 8
  m_Name: street_light
  m_TagString: Untagged
  m_Icon: {fileID: 0}
  m_NavMeshLayer: 0
  m_StaticEditorFlags: 0
  m_IsActive: 1
--- !u!1 &1820065364155884
GameObject:
  m_ObjectHideFlags: 0
  m_PrefabParentObject: {fileID: 0}
  m_PrefabInternal: {fileID: 100100000}
  serializedVersion: 5
  m_Component:
  - component: {fileID: 4245433534680842}
  - component: {fileID: 108757394971162590}
  m_Layer: 8
  m_Name: street_light
  m_TagString: Untagged
  m_Icon: {fileID: 0}
  m_NavMeshLayer: 0
  m_StaticEditorFlags: 0
  m_IsActive: 1
--- !u!1 &1883284780528750
GameObject:
  m_ObjectHideFlags: 0
  m_PrefabParentObject: {fileID: 0}
  m_PrefabInternal: {fileID: 100100000}
  serializedVersion: 5
  m_Component:
  - component: {fileID: 4725428954816236}
  - component: {fileID: 108444787448631212}
  m_Layer: 0
  m_Name: Spotlight (6)
  m_TagString: Untagged
  m_Icon: {fileID: 0}
  m_NavMeshLayer: 0
  m_StaticEditorFlags: 0
  m_IsActive: 1
--- !u!1 &1906711069732556
GameObject:
  m_ObjectHideFlags: 0
  m_PrefabParentObject: {fileID: 0}
  m_PrefabInternal: {fileID: 100100000}
  serializedVersion: 5
  m_Component:
  - component: {fileID: 4926887034513208}
  - component: {fileID: 108023172033967122}
  m_Layer: 8
  m_Name: street_light
  m_TagString: Untagged
  m_Icon: {fileID: 0}
  m_NavMeshLayer: 0
  m_StaticEditorFlags: 0
  m_IsActive: 1
--- !u!1 &1923189666473476
GameObject:
  m_ObjectHideFlags: 0
  m_PrefabParentObject: {fileID: 0}
  m_PrefabInternal: {fileID: 100100000}
  serializedVersion: 5
  m_Component:
  - component: {fileID: 4857557849519190}
  - component: {fileID: 108945513557940216}
  m_Layer: 0
  m_Name: Point light (7)
  m_TagString: Untagged
  m_Icon: {fileID: 0}
  m_NavMeshLayer: 0
  m_StaticEditorFlags: 0
  m_IsActive: 1
--- !u!1 &1948421279163440
GameObject:
  m_ObjectHideFlags: 0
  m_PrefabParentObject: {fileID: 0}
  m_PrefabInternal: {fileID: 100100000}
  serializedVersion: 5
  m_Component:
  - component: {fileID: 4062314808129742}
  - component: {fileID: 108298248021674340}
  m_Layer: 0
  m_Name: Point light (6)
  m_TagString: Untagged
  m_Icon: {fileID: 0}
  m_NavMeshLayer: 0
  m_StaticEditorFlags: 0
  m_IsActive: 1
--- !u!4 &4062314808129742
Transform:
  m_ObjectHideFlags: 1
  m_PrefabParentObject: {fileID: 0}
  m_PrefabInternal: {fileID: 100100000}
  m_GameObject: {fileID: 1948421279163440}
  m_LocalRotation: {x: 0, y: 0, z: 0, w: 1}
  m_LocalPosition: {x: -2.26, y: -1.45, z: 5.92}
  m_LocalScale: {x: 1, y: 1, z: 1}
  m_Children: []
  m_Father: {fileID: 4274308585476134}
  m_RootOrder: 7
  m_LocalEulerAnglesHint: {x: 0, y: 0, z: 0}
--- !u!4 &4097620235863068
Transform:
  m_ObjectHideFlags: 1
  m_PrefabParentObject: {fileID: 0}
  m_PrefabInternal: {fileID: 100100000}
  m_GameObject: {fileID: 1144499481589200}
  m_LocalRotation: {x: -0, y: -0, z: -0, w: 1}
  m_LocalPosition: {x: -21.3, y: -0.93700004, z: 49.75}
  m_LocalScale: {x: 1, y: 1, z: 1}
  m_Children: []
  m_Father: {fileID: 4274308585476134}
  m_RootOrder: 19
  m_LocalEulerAnglesHint: {x: 0, y: 0, z: 0}
--- !u!4 &4245433534680842
Transform:
  m_ObjectHideFlags: 1
  m_PrefabParentObject: {fileID: 0}
  m_PrefabInternal: {fileID: 100100000}
  m_GameObject: {fileID: 1820065364155884}
  m_LocalRotation: {x: -0, y: -0, z: -0, w: 1}
  m_LocalPosition: {x: 1.76, y: -0.93700004, z: 49.75}
  m_LocalScale: {x: 1, y: 1, z: 1}
  m_Children: []
  m_Father: {fileID: 4274308585476134}
  m_RootOrder: 5
  m_LocalEulerAnglesHint: {x: 0, y: 0, z: 0}
--- !u!4 &4256213537426918
Transform:
  m_ObjectHideFlags: 1
  m_PrefabParentObject: {fileID: 0}
  m_PrefabInternal: {fileID: 100100000}
  m_GameObject: {fileID: 1729639845784670}
  m_LocalRotation: {x: -0, y: -0, z: -0, w: 1}
  m_LocalPosition: {x: 1.8675556, y: -0.93700004, z: -16.31}
  m_LocalScale: {x: 1, y: 1, z: 1}
  m_Children: []
  m_Father: {fileID: 4274308585476134}
  m_RootOrder: 2
  m_LocalEulerAnglesHint: {x: 0, y: 0, z: 0}
--- !u!4 &4257049833207032
Transform:
  m_ObjectHideFlags: 1
  m_PrefabParentObject: {fileID: 0}
  m_PrefabInternal: {fileID: 100100000}
  m_GameObject: {fileID: 1407903185858466}
  m_LocalRotation: {x: 0.9649649, y: 0.03474871, z: -0.029594807, w: 0.25837842}
  m_LocalPosition: {x: -6.3600006, y: 20.7, z: 76.86}
  m_LocalScale: {x: 1, y: 1.0000006, z: 1.0000006}
  m_Children: []
  m_Father: {fileID: 4274308585476134}
  m_RootOrder: 13
  m_LocalEulerAnglesHint: {x: 149.953, y: 2.592987, z: -3.4289856}
--- !u!4 &4274308585476134
Transform:
  m_ObjectHideFlags: 1
  m_PrefabParentObject: {fileID: 0}
  m_PrefabInternal: {fileID: 100100000}
  m_GameObject: {fileID: 1255321310050884}
  m_LocalRotation: {x: 0, y: 0, z: 0, w: 1}
  m_LocalPosition: {x: 19.402443, y: 4.4461346, z: -15.15276}
  m_LocalScale: {x: 1, y: 1, z: 1}
  m_Children:
  - {fileID: 4775206739532728}
  - {fileID: 4638951609080078}
  - {fileID: 4256213537426918}
  - {fileID: 4926887034513208}
  - {fileID: 4567689564743046}
  - {fileID: 4245433534680842}
  - {fileID: 4566566322040380}
  - {fileID: 4062314808129742}
  - {fileID: 4857557849519190}
  - {fileID: 4396687420116678}
  - {fileID: 4816342619007956}
  - {fileID: 4674802910641126}
  - {fileID: 4723949945757904}
  - {fileID: 4257049833207032}
  - {fileID: 4959440396572768}
  - {fileID: 4826039565412658}
  - {fileID: 4499720909129458}
  - {fileID: 4725428954816236}
  - {fileID: 4813852318438354}
  - {fileID: 4097620235863068}
  - {fileID: 4356615635960812}
  m_Father: {fileID: 0}
  m_RootOrder: 0
  m_LocalEulerAnglesHint: {x: 0, y: 0, z: 0}
--- !u!4 &4356615635960812
Transform:
  m_ObjectHideFlags: 1
  m_PrefabParentObject: {fileID: 0}
  m_PrefabInternal: {fileID: 100100000}
  m_GameObject: {fileID: 1622385414949414}
  m_LocalRotation: {x: 0, y: 0, z: 0, w: 1}
  m_LocalPosition: {x: 13.97, y: 5.59, z: -3.28}
  m_LocalScale: {x: 1, y: 1, z: 1}
  m_Children: []
  m_Father: {fileID: 4274308585476134}
  m_RootOrder: 20
  m_LocalEulerAnglesHint: {x: 0, y: 0, z: 0}
--- !u!4 &4396687420116678
Transform:
  m_ObjectHideFlags: 1
  m_PrefabParentObject: {fileID: 0}
  m_PrefabInternal: {fileID: 100100000}
  m_GameObject: {fileID: 1124059920649826}
  m_LocalRotation: {x: -0, y: -0, z: -0, w: 1}
  m_LocalPosition: {x: -2.2600002, y: 0, z: -9.81}
  m_LocalScale: {x: 1, y: 1, z: 1}
  m_Children: []
  m_Father: {fileID: 4274308585476134}
  m_RootOrder: 9
  m_LocalEulerAnglesHint: {x: 0, y: 0, z: 0}
--- !u!4 &4499720909129458
Transform:
  m_ObjectHideFlags: 1
  m_PrefabParentObject: {fileID: 0}
  m_PrefabInternal: {fileID: 100100000}
  m_GameObject: {fileID: 1324643623550918}
  m_LocalRotation: {x: 0.7071068, y: -0, z: -0, w: 0.7071068}
  m_LocalPosition: {x: 2.03, y: 0.73, z: -16.09}
  m_LocalScale: {x: 1, y: 1.0000005, z: 1.0000005}
  m_Children: []
  m_Father: {fileID: 4274308585476134}
  m_RootOrder: 16
  m_LocalEulerAnglesHint: {x: 90, y: 0, z: 0}
--- !u!4 &4566566322040380
Transform:
  m_ObjectHideFlags: 1
  m_PrefabParentObject: {fileID: 0}
  m_PrefabInternal: {fileID: 100100000}
  m_GameObject: {fileID: 1337822185077556}
  m_LocalRotation: {x: -0, y: -0, z: -0, w: 1}
  m_LocalPosition: {x: -10.66, y: -0.93700004, z: 49.75}
  m_LocalScale: {x: 1, y: 1, z: 1}
  m_Children: []
  m_Father: {fileID: 4274308585476134}
  m_RootOrder: 6
  m_LocalEulerAnglesHint: {x: 0, y: 0, z: 0}
--- !u!4 &4567689564743046
Transform:
  m_ObjectHideFlags: 1
  m_PrefabParentObject: {fileID: 0}
  m_PrefabInternal: {fileID: 100100000}
  m_GameObject: {fileID: 1113779757640872}
  m_LocalRotation: {x: -0, y: -0, z: -0, w: 1}
  m_LocalPosition: {x: 1.9799995, y: -0.93700004, z: 30.31}
  m_LocalScale: {x: 1, y: 1, z: 1}
  m_Children: []
  m_Father: {fileID: 4274308585476134}
  m_RootOrder: 4
  m_LocalEulerAnglesHint: {x: 0, y: 0, z: 0}
--- !u!4 &4638951609080078
Transform:
  m_ObjectHideFlags: 1
  m_PrefabParentObject: {fileID: 0}
  m_PrefabInternal: {fileID: 100100000}
  m_GameObject: {fileID: 1514589818521516}
  m_LocalRotation: {x: -0, y: -0, z: -0, w: 1}
  m_LocalPosition: {x: 1.8675556, y: -0.93700004, z: -1.352}
  m_LocalScale: {x: 1, y: 1, z: 1}
  m_Children: []
  m_Father: {fileID: 4274308585476134}
  m_RootOrder: 1
  m_LocalEulerAnglesHint: {x: 0, y: 0, z: 0}
--- !u!4 &4674802910641126
Transform:
  m_ObjectHideFlags: 1
  m_PrefabParentObject: {fileID: 0}
  m_PrefabInternal: {fileID: 100100000}
  m_GameObject: {fileID: 1182343309875630}
  m_LocalRotation: {x: 0.90353316, y: -0.017733814, z: 0.017708825, w: 0.42778474}
  m_LocalPosition: {x: 1, y: 60, z: 100}
  m_LocalScale: {x: 1, y: 1, z: 1.0000004}
  m_Children: []
  m_Father: {fileID: 4274308585476134}
  m_RootOrder: 11
  m_LocalEulerAnglesHint: {x: 129.316, y: -1.521973, z: 1.527985}
--- !u!4 &4723949945757904
Transform:
  m_ObjectHideFlags: 1
  m_PrefabParentObject: {fileID: 0}
  m_PrefabInternal: {fileID: 100100000}
  m_GameObject: {fileID: 1587434835255150}
  m_LocalRotation: {x: 0.8530357, y: -0, z: -0, w: 0.5218527}
  m_LocalPosition: {x: -9.28, y: 20.09, z: 4.84}
  m_LocalScale: {x: 1, y: 1, z: 1}
  m_Children: []
  m_Father: {fileID: 4274308585476134}
  m_RootOrder: 12
  m_LocalEulerAnglesHint: {x: 117.087006, y: -0.000015258789, z: -0.000015258789}
--- !u!4 &4725428954816236
Transform:
  m_ObjectHideFlags: 1
  m_PrefabParentObject: {fileID: 0}
  m_PrefabInternal: {fileID: 100100000}
  m_GameObject: {fileID: 1883284780528750}
  m_LocalRotation: {x: 0.7071068, y: -0, z: -0, w: 0.7071068}
  m_LocalPosition: {x: 2.0300007, y: 0.73, z: 15.1}
  m_LocalScale: {x: 1, y: 1.0000005, z: 1.0000005}
  m_Children: []
  m_Father: {fileID: 4274308585476134}
  m_RootOrder: 17
  m_LocalEulerAnglesHint: {x: 90, y: 0, z: 0}
--- !u!4 &4775206739532728
Transform:
  m_ObjectHideFlags: 1
  m_PrefabParentObject: {fileID: 0}
  m_PrefabInternal: {fileID: 100100000}
  m_GameObject: {fileID: 1386422035216054}
  m_LocalRotation: {x: 0, y: 0, z: 0, w: 1}
  m_LocalPosition: {x: -17.6, y: 0.39, z: 3.5}
  m_LocalScale: {x: 1, y: 1, z: 1}
  m_Children: []
  m_Father: {fileID: 4274308585476134}
  m_RootOrder: 0
  m_LocalEulerAnglesHint: {x: 0, y: 0, z: 0}
--- !u!4 &4813852318438354
Transform:
  m_ObjectHideFlags: 1
  m_PrefabParentObject: {fileID: 0}
  m_PrefabInternal: {fileID: 100100000}
  m_GameObject: {fileID: 1055149590865550}
  m_LocalRotation: {x: 0.7071068, y: -0, z: -0, w: 0.7071068}
  m_LocalPosition: {x: 2.0300007, y: 0.73, z: 30.36}
  m_LocalScale: {x: 1, y: 1.0000005, z: 1.0000005}
  m_Children: []
  m_Father: {fileID: 4274308585476134}
  m_RootOrder: 18
  m_LocalEulerAnglesHint: {x: 90, y: 0, z: 0}
--- !u!4 &4816342619007956
Transform:
  m_ObjectHideFlags: 1
  m_PrefabParentObject: {fileID: 0}
  m_PrefabInternal: {fileID: 100100000}
  m_GameObject: {fileID: 1235090897572302}
  m_LocalRotation: {x: 0.89384925, y: 0, z: 0, w: 0.44836766}
  m_LocalPosition: {x: 1, y: 70.6, z: 120.2}
  m_LocalScale: {x: 1, y: 1, z: 1}
  m_Children: []
  m_Father: {fileID: 4274308585476134}
  m_RootOrder: 10
  m_LocalEulerAnglesHint: {x: 126.722, y: 0, z: 0}
--- !u!4 &4826039565412658
Transform:
  m_ObjectHideFlags: 1
  m_PrefabParentObject: {fileID: 0}
  m_PrefabInternal: {fileID: 100100000}
  m_GameObject: {fileID: 1234377603329582}
  m_LocalRotation: {x: 0.7071068, y: 0, z: 0, w: 0.7071068}
  m_LocalPosition: {x: 2.0299997, y: 0.73, z: -1.36}
  m_LocalScale: {x: 1, y: 1, z: 1}
  m_Children: []
  m_Father: {fileID: 4274308585476134}
  m_RootOrder: 15
  m_LocalEulerAnglesHint: {x: 90, y: 0, z: 0}
--- !u!4 &4857557849519190
Transform:
  m_ObjectHideFlags: 1
  m_PrefabParentObject: {fileID: 0}
  m_PrefabInternal: {fileID: 100100000}
  m_GameObject: {fileID: 1923189666473476}
  m_LocalRotation: {x: -0, y: -0, z: -0, w: 1}
  m_LocalPosition: {x: -2.2600002, y: 0, z: 22.7}
  m_LocalScale: {x: 1, y: 1, z: 1}
  m_Children: []
  m_Father: {fileID: 4274308585476134}
  m_RootOrder: 8
  m_LocalEulerAnglesHint: {x: 0, y: 0, z: 0}
--- !u!4 &4926887034513208
Transform:
  m_ObjectHideFlags: 1
  m_PrefabParentObject: {fileID: 0}
  m_PrefabInternal: {fileID: 100100000}
  m_GameObject: {fileID: 1906711069732556}
  m_LocalRotation: {x: -0, y: -0, z: -0, w: 1}
  m_LocalPosition: {x: 1.9799988, y: -0.93700004, z: 14.95}
  m_LocalScale: {x: 1, y: 1, z: 1}
  m_Children: []
  m_Father: {fileID: 4274308585476134}
  m_RootOrder: 3
  m_LocalEulerAnglesHint: {x: 0, y: 0, z: 0}
--- !u!4 &4959440396572768
Transform:
  m_ObjectHideFlags: 1
  m_PrefabParentObject: {fileID: 0}
  m_PrefabInternal: {fileID: 100100000}
  m_GameObject: {fileID: 1134379076547914}
  m_LocalRotation: {x: -0, y: 0.9646508, z: -0.26353145, w: 0}
  m_LocalPosition: {x: -6.55, y: 15.390001, z: 24.94}
  m_LocalScale: {x: 1, y: 1, z: 1}
  m_Children: []
  m_Father: {fileID: 4274308585476134}
  m_RootOrder: 14
  m_LocalEulerAnglesHint: {x: 30.559002, y: 180.00002, z: 0}
--- !u!108 &108023172033967122
Light:
  m_ObjectHideFlags: 1
  m_PrefabParentObject: {fileID: 0}
  m_PrefabInternal: {fileID: 100100000}
  m_GameObject: {fileID: 1906711069732556}
  m_Enabled: 1
  serializedVersion: 8
  m_Type: 2
  m_Color: {r: 0.66176474, g: 0.48887366, b: 0.11678201, a: 1}
  m_Intensity: 2
  m_Range: 9
  m_SpotAngle: 30
  m_CookieSize: 10
  m_Shadows:
    m_Type: 2
    m_Resolution: 2
    m_CustomResolution: -1
    m_Strength: 0.403
    m_Bias: 0.05
    m_NormalBias: 0.4
    m_NearPlane: 0.2
  m_Cookie: {fileID: 0}
  m_DrawHalo: 0
  m_Flare: {fileID: 0}
  m_RenderMode: 0
  m_CullingMask:
    serializedVersion: 2
    m_Bits: 4294966015
  m_Lightmapping: 1
  m_AreaSize: {x: 1, y: 1}
  m_BounceIntensity: 4
  m_ColorTemperature: 6570
  m_UseColorTemperature: 0
  m_ShadowRadius: 0
  m_ShadowAngle: 0
--- !u!108 &108128095751427294
Light:
  m_ObjectHideFlags: 1
  m_PrefabParentObject: {fileID: 0}
  m_PrefabInternal: {fileID: 100100000}
  m_GameObject: {fileID: 1407903185858466}
  m_Enabled: 1
  serializedVersion: 8
  m_Type: 0
  m_Color: {r: 0.444756, g: 0.43901384, b: 0.5147059, a: 1}
  m_Intensity: 2
  m_Range: 73.4
  m_SpotAngle: 71
  m_CookieSize: 10
  m_Shadows:
    m_Type: 2
    m_Resolution: 2
    m_CustomResolution: -1
    m_Strength: 1
    m_Bias: 0.05
    m_NormalBias: 0.4
    m_NearPlane: 0.2
  m_Cookie: {fileID: 0}
  m_DrawHalo: 0
  m_Flare: {fileID: 0}
  m_RenderMode: 0
  m_CullingMask:
    serializedVersion: 2
    m_Bits: 4294967295
  m_Lightmapping: 2
  m_AreaSize: {x: 1, y: 1}
  m_BounceIntensity: 4
  m_ColorTemperature: 6570
  m_UseColorTemperature: 0
  m_ShadowRadius: 0
  m_ShadowAngle: 0
--- !u!108 &108298248021674340
Light:
  m_ObjectHideFlags: 1
  m_PrefabParentObject: {fileID: 0}
  m_PrefabInternal: {fileID: 100100000}
  m_GameObject: {fileID: 1948421279163440}
  m_Enabled: 1
  serializedVersion: 8
  m_Type: 2
  m_Color: {r: 0.6464534, g: 0.6132137, b: 0.7794118, a: 1}
  m_Intensity: 1.2
  m_Range: 11.84
  m_SpotAngle: 30
  m_CookieSize: 10
  m_Shadows:
    m_Type: 0
    m_Resolution: -1
    m_CustomResolution: -1
    m_Strength: 1
    m_Bias: 0.05
    m_NormalBias: 0.4
    m_NearPlane: 0.2
  m_Cookie: {fileID: 0}
  m_DrawHalo: 0
  m_Flare: {fileID: 0}
  m_RenderMode: 0
  m_CullingMask:
    serializedVersion: 2
    m_Bits: 4294967295
  m_Lightmapping: 2
  m_AreaSize: {x: 1, y: 1}
  m_BounceIntensity: 1
  m_ColorTemperature: 6570
  m_UseColorTemperature: 0
  m_ShadowRadius: 0
  m_ShadowAngle: 0
--- !u!108 &108345000055922526
Light:
  m_ObjectHideFlags: 1
  m_PrefabParentObject: {fileID: 0}
  m_PrefabInternal: {fileID: 100100000}
  m_GameObject: {fileID: 1337822185077556}
  m_Enabled: 1
  serializedVersion: 8
  m_Type: 2
  m_Color: {r: 0.7352941, g: 0.64133155, b: 0.24870244, a: 1}
  m_Intensity: 1
  m_Range: 10
  m_SpotAngle: 30
  m_CookieSize: 10
  m_Shadows:
    m_Type: 2
    m_Resolution: 2
    m_CustomResolution: -1
    m_Strength: 0.403
    m_Bias: 0.05
    m_NormalBias: 0.4
    m_NearPlane: 0.2
  m_Cookie: {fileID: 0}
  m_DrawHalo: 0
  m_Flare: {fileID: 0}
  m_RenderMode: 0
  m_CullingMask:
    serializedVersion: 2
    m_Bits: 4294967039
  m_Lightmapping: 2
  m_AreaSize: {x: 1, y: 1}
  m_BounceIntensity: 4
  m_ColorTemperature: 6570
  m_UseColorTemperature: 0
  m_ShadowRadius: 0
  m_ShadowAngle: 0
--- !u!108 &108376517004681234
Light:
  m_ObjectHideFlags: 1
  m_PrefabParentObject: {fileID: 0}
  m_PrefabInternal: {fileID: 100100000}
  m_GameObject: {fileID: 1113779757640872}
  m_Enabled: 1
  serializedVersion: 8
  m_Type: 2
  m_Color: {r: 0.50735295, g: 0.4375276, b: 0.2872513, a: 1}
  m_Intensity: 2
  m_Range: 10
  m_SpotAngle: 30
  m_CookieSize: 10
  m_Shadows:
    m_Type: 2
    m_Resolution: 2
    m_CustomResolution: -1
    m_Strength: 0.403
    m_Bias: 0.05
    m_NormalBias: 0.4
    m_NearPlane: 0.2
  m_Cookie: {fileID: 0}
  m_DrawHalo: 0
  m_Flare: {fileID: 0}
  m_RenderMode: 0
  m_CullingMask:
    serializedVersion: 2
    m_Bits: 4294966015
  m_Lightmapping: 2
  m_AreaSize: {x: 1, y: 1}
  m_BounceIntensity: 3
  m_ColorTemperature: 6570
  m_UseColorTemperature: 0
  m_ShadowRadius: 0
  m_ShadowAngle: 0
--- !u!108 &108444787448631212
Light:
  m_ObjectHideFlags: 1
  m_PrefabParentObject: {fileID: 0}
  m_PrefabInternal: {fileID: 100100000}
  m_GameObject: {fileID: 1883284780528750}
  m_Enabled: 1
  serializedVersion: 8
  m_Type: 0
  m_Color: {r: 0.9632353, g: 0.8811747, b: 0.5382786, a: 1}
  m_Intensity: 1
  m_Range: 8.9
  m_SpotAngle: 48
  m_CookieSize: 10
  m_Shadows:
    m_Type: 0
    m_Resolution: -1
    m_CustomResolution: -1
    m_Strength: 1
    m_Bias: 0.05
    m_NormalBias: 0.4
    m_NearPlane: 0.2
  m_Cookie: {fileID: 0}
  m_DrawHalo: 0
  m_Flare: {fileID: 0}
  m_RenderMode: 0
  m_CullingMask:
    serializedVersion: 2
    m_Bits: 512
  m_Lightmapping: 2
  m_AreaSize: {x: 1, y: 1}
  m_BounceIntensity: 1
  m_ColorTemperature: 6570
  m_UseColorTemperature: 0
  m_ShadowRadius: 0
  m_ShadowAngle: 0
--- !u!108 &108526782431751816
Light:
  m_ObjectHideFlags: 1
  m_PrefabParentObject: {fileID: 0}
  m_PrefabInternal: {fileID: 100100000}
  m_GameObject: {fileID: 1124059920649826}
  m_Enabled: 1
  serializedVersion: 8
  m_Type: 2
  m_Color: {r: 0.24567474, g: 0.233564, b: 0.29411763, a: 1}
  m_Intensity: 2
  m_Range: 11.84
  m_SpotAngle: 30
  m_CookieSize: 10
  m_Shadows:
    m_Type: 2
    m_Resolution: -1
    m_CustomResolution: -1
    m_Strength: 1
    m_Bias: 0.05
    m_NormalBias: 0.4
    m_NearPlane: 0.2
  m_Cookie: {fileID: 0}
  m_DrawHalo: 0
  m_Flare: {fileID: 0}
  m_RenderMode: 0
  m_CullingMask:
    serializedVersion: 2
    m_Bits: 4294967295
  m_Lightmapping: 2
  m_AreaSize: {x: 1, y: 1}
  m_BounceIntensity: 1
  m_ColorTemperature: 6570
  m_UseColorTemperature: 0
  m_ShadowRadius: 0
  m_ShadowAngle: 0
--- !u!108 &108544125065762360
Light:
  m_ObjectHideFlags: 1
  m_PrefabParentObject: {fileID: 0}
  m_PrefabInternal: {fileID: 100100000}
  m_GameObject: {fileID: 1182343309875630}
  m_Enabled: 1
  serializedVersion: 8
  m_Type: 0
  m_Color: {r: 0.5149762, g: 0.5871913, b: 0.9338235, a: 1}
  m_Intensity: 1
  m_Range: 135.4
  m_SpotAngle: 43
  m_CookieSize: 10
  m_Shadows:
    m_Type: 2
    m_Resolution: -1
    m_CustomResolution: -1
    m_Strength: 1
    m_Bias: 0.05
    m_NormalBias: 0.4
    m_NearPlane: 0.2
  m_Cookie: {fileID: 0}
  m_DrawHalo: 0
  m_Flare: {fileID: 0}
  m_RenderMode: 0
  m_CullingMask:
    serializedVersion: 2
    m_Bits: 4294967295
  m_Lightmapping: 4
  m_AreaSize: {x: 1, y: 1}
  m_BounceIntensity: 1
  m_ColorTemperature: 6570
  m_UseColorTemperature: 0
  m_ShadowRadius: 0
  m_ShadowAngle: 0
--- !u!108 &108568339949420004
Light:
  m_ObjectHideFlags: 1
  m_PrefabParentObject: {fileID: 0}
  m_PrefabInternal: {fileID: 100100000}
  m_GameObject: {fileID: 1234377603329582}
  m_Enabled: 1
  serializedVersion: 8
  m_Type: 0
  m_Color: {r: 0.9632353, g: 0.8811747, b: 0.5382786, a: 1}
  m_Intensity: 1
  m_Range: 8.9
  m_SpotAngle: 48
  m_CookieSize: 10
  m_Shadows:
    m_Type: 0
    m_Resolution: -1
    m_CustomResolution: -1
    m_Strength: 1
    m_Bias: 0.05
    m_NormalBias: 0.4
    m_NearPlane: 0.2
  m_Cookie: {fileID: 0}
  m_DrawHalo: 0
  m_Flare: {fileID: 0}
  m_RenderMode: 0
  m_CullingMask:
    serializedVersion: 2
    m_Bits: 512
  m_Lightmapping: 2
  m_AreaSize: {x: 1, y: 1}
  m_BounceIntensity: 1
  m_ColorTemperature: 6570
  m_UseColorTemperature: 0
  m_ShadowRadius: 0
  m_ShadowAngle: 0
--- !u!108 &108617401110039244
Light:
  m_ObjectHideFlags: 1
  m_PrefabParentObject: {fileID: 0}
  m_PrefabInternal: {fileID: 100100000}
  m_GameObject: {fileID: 1055149590865550}
  m_Enabled: 1
  serializedVersion: 8
  m_Type: 0
  m_Color: {r: 0.9632353, g: 0.8811747, b: 0.5382786, a: 1}
  m_Intensity: 1
  m_Range: 8.9
  m_SpotAngle: 48
  m_CookieSize: 10
  m_Shadows:
    m_Type: 0
    m_Resolution: -1
    m_CustomResolution: -1
    m_Strength: 1
    m_Bias: 0.05
    m_NormalBias: 0.4
    m_NearPlane: 0.2
  m_Cookie: {fileID: 0}
  m_DrawHalo: 0
  m_Flare: {fileID: 0}
  m_RenderMode: 0
  m_CullingMask:
    serializedVersion: 2
    m_Bits: 512
  m_Lightmapping: 2
  m_AreaSize: {x: 1, y: 1}
  m_BounceIntensity: 1
  m_ColorTemperature: 6570
  m_UseColorTemperature: 0
  m_ShadowRadius: 0
  m_ShadowAngle: 0
--- !u!108 &108648564008142282
Light:
  m_ObjectHideFlags: 1
  m_PrefabParentObject: {fileID: 0}
  m_PrefabInternal: {fileID: 100100000}
  m_GameObject: {fileID: 1235090897572302}
  m_Enabled: 1
  serializedVersion: 8
  m_Type: 0
  m_Color: {r: 0.5149762, g: 0.5871913, b: 0.9338235, a: 1}
  m_Intensity: 4
  m_Range: 298.6
  m_SpotAngle: 43
  m_CookieSize: 10
  m_Shadows:
    m_Type: 2
    m_Resolution: -1
    m_CustomResolution: -1
    m_Strength: 1
    m_Bias: 0.05
    m_NormalBias: 0.4
    m_NearPlane: 0.2
  m_Cookie: {fileID: 0}
  m_DrawHalo: 0
  m_Flare: {fileID: 0}
  m_RenderMode: 0
  m_CullingMask:
    serializedVersion: 2
    m_Bits: 4294967295
  m_Lightmapping: 2
  m_AreaSize: {x: 1, y: 1}
  m_BounceIntensity: 1.5
  m_ColorTemperature: 6570
  m_UseColorTemperature: 0
  m_ShadowRadius: 0
  m_ShadowAngle: 0
--- !u!108 &108698988446489490
Light:
  m_ObjectHideFlags: 1
  m_PrefabParentObject: {fileID: 0}
  m_PrefabInternal: {fileID: 100100000}
  m_GameObject: {fileID: 1134379076547914}
  m_Enabled: 1
  serializedVersion: 8
  m_Type: 3
  m_Color: {r: 0.3945621, g: 0.3678633, b: 0.5955882, a: 1}
  m_Intensity: 4
  m_Range: 10
  m_SpotAngle: 30
  m_CookieSize: 10
  m_Shadows:
    m_Type: 0
    m_Resolution: -1
    m_CustomResolution: -1
    m_Strength: 1
    m_Bias: 0.05
    m_NormalBias: 0.4
    m_NearPlane: 0.2
  m_Cookie: {fileID: 0}
  m_DrawHalo: 0
  m_Flare: {fileID: 0}
  m_RenderMode: 0
  m_CullingMask:
    serializedVersion: 2
    m_Bits: 4294967295
  m_Lightmapping: 2
  m_AreaSize: {x: 15, y: 15}
  m_BounceIntensity: 4
  m_ColorTemperature: 6570
  m_UseColorTemperature: 0
  m_ShadowRadius: 0
  m_ShadowAngle: 0
--- !u!108 &108702950878118008
Light:
  m_ObjectHideFlags: 1
  m_PrefabParentObject: {fileID: 0}
  m_PrefabInternal: {fileID: 100100000}
  m_GameObject: {fileID: 1729639845784670}
  m_Enabled: 1
  serializedVersion: 8
  m_Type: 2
  m_Color: {r: 0.50735295, g: 0.4375276, b: 0.2872513, a: 1}
  m_Intensity: 1
  m_Range: 9
  m_SpotAngle: 30
  m_CookieSize: 10
  m_Shadows:
    m_Type: 2
    m_Resolution: 2
    m_CustomResolution: -1
    m_Strength: 0.403
    m_Bias: 0.05
    m_NormalBias: 0.4
    m_NearPlane: 0.2
  m_Cookie: {fileID: 0}
  m_DrawHalo: 0
  m_Flare: {fileID: 0}
  m_RenderMode: 0
  m_CullingMask:
    serializedVersion: 2
    m_Bits: 4294966015
  m_Lightmapping: 2
  m_AreaSize: {x: 1, y: 1}
  m_BounceIntensity: 4
  m_ColorTemperature: 6570
  m_UseColorTemperature: 0
  m_ShadowRadius: 0
  m_ShadowAngle: 0
--- !u!108 &108757394971162590
Light:
  m_ObjectHideFlags: 1
  m_PrefabParentObject: {fileID: 0}
  m_PrefabInternal: {fileID: 100100000}
  m_GameObject: {fileID: 1820065364155884}
  m_Enabled: 1
  serializedVersion: 8
  m_Type: 2
  m_Color: {r: 0.7352941, g: 0.64133155, b: 0.24870244, a: 1}
  m_Intensity: 1
  m_Range: 10
  m_SpotAngle: 30
  m_CookieSize: 10
  m_Shadows:
    m_Type: 2
    m_Resolution: 2
    m_CustomResolution: -1
    m_Strength: 0.403
    m_Bias: 0.05
    m_NormalBias: 0.4
    m_NearPlane: 0.2
  m_Cookie: {fileID: 0}
  m_DrawHalo: 0
  m_Flare: {fileID: 0}
  m_RenderMode: 0
  m_CullingMask:
    serializedVersion: 2
    m_Bits: 4294967039
  m_Lightmapping: 2
  m_AreaSize: {x: 1, y: 1}
  m_BounceIntensity: 4
  m_ColorTemperature: 6570
  m_UseColorTemperature: 0
  m_ShadowRadius: 0
  m_ShadowAngle: 0
--- !u!108 &108757541260930292
Light:
  m_ObjectHideFlags: 1
  m_PrefabParentObject: {fileID: 0}
  m_PrefabInternal: {fileID: 100100000}
  m_GameObject: {fileID: 1514589818521516}
  m_Enabled: 1
  serializedVersion: 8
  m_Type: 2
  m_Color: {r: 0.66176474, g: 0.48887366, b: 0.11678201, a: 1}
  m_Intensity: 2
  m_Range: 9
  m_SpotAngle: 30
  m_CookieSize: 10
  m_Shadows:
    m_Type: 2
    m_Resolution: 2
    m_CustomResolution: -1
    m_Strength: 0.403
    m_Bias: 0.05
    m_NormalBias: 0.4
    m_NearPlane: 0.2
  m_Cookie: {fileID: 0}
  m_DrawHalo: 0
  m_Flare: {fileID: 0}
  m_RenderMode: 0
  m_CullingMask:
    serializedVersion: 2
    m_Bits: 4294966015
  m_Lightmapping: 1
  m_AreaSize: {x: 1, y: 1}
  m_BounceIntensity: 4
  m_ColorTemperature: 6570
  m_UseColorTemperature: 0
  m_ShadowRadius: 0
  m_ShadowAngle: 0
--- !u!108 &108766703101418734
Light:
  m_ObjectHideFlags: 1
  m_PrefabParentObject: {fileID: 0}
  m_PrefabInternal: {fileID: 100100000}
  m_GameObject: {fileID: 1324643623550918}
  m_Enabled: 1
  serializedVersion: 8
  m_Type: 0
  m_Color: {r: 0.9632353, g: 0.8811747, b: 0.5382786, a: 1}
  m_Intensity: 1
  m_Range: 8.9
  m_SpotAngle: 48
  m_CookieSize: 10
  m_Shadows:
    m_Type: 0
    m_Resolution: -1
    m_CustomResolution: -1
    m_Strength: 1
    m_Bias: 0.05
    m_NormalBias: 0.4
    m_NearPlane: 0.2
  m_Cookie: {fileID: 0}
  m_DrawHalo: 0
  m_Flare: {fileID: 0}
  m_RenderMode: 0
  m_CullingMask:
    serializedVersion: 2
    m_Bits: 512
  m_Lightmapping: 2
  m_AreaSize: {x: 1, y: 1}
  m_BounceIntensity: 1
  m_ColorTemperature: 6570
  m_UseColorTemperature: 0
  m_ShadowRadius: 0
  m_ShadowAngle: 0
--- !u!108 &108873305848310042
Light:
  m_ObjectHideFlags: 1
  m_PrefabParentObject: {fileID: 0}
  m_PrefabInternal: {fileID: 100100000}
  m_GameObject: {fileID: 1144499481589200}
  m_Enabled: 1
  serializedVersion: 8
  m_Type: 2
  m_Color: {r: 0.7352941, g: 0.64133155, b: 0.24870244, a: 1}
  m_Intensity: 1
  m_Range: 10
  m_SpotAngle: 30
  m_CookieSize: 10
  m_Shadows:
    m_Type: 2
    m_Resolution: 2
    m_CustomResolution: -1
    m_Strength: 0.403
    m_Bias: 0.05
    m_NormalBias: 0.4
    m_NearPlane: 0.2
  m_Cookie: {fileID: 0}
  m_DrawHalo: 0
  m_Flare: {fileID: 0}
  m_RenderMode: 0
  m_CullingMask:
    serializedVersion: 2
    m_Bits: 4294967039
  m_Lightmapping: 2
  m_AreaSize: {x: 1, y: 1}
  m_BounceIntensity: 4
  m_ColorTemperature: 6570
  m_UseColorTemperature: 0
  m_ShadowRadius: 0
  m_ShadowAngle: 0
--- !u!108 &108945513557940216
Light:
  m_ObjectHideFlags: 1
  m_PrefabParentObject: {fileID: 0}
  m_PrefabInternal: {fileID: 100100000}
  m_GameObject: {fileID: 1923189666473476}
  m_Enabled: 1
  serializedVersion: 8
  m_Type: 2
  m_Color: {r: 0.23339105, g: 0.22188583, b: 0.2794118, a: 1}
  m_Intensity: 2
  m_Range: 11.84
  m_SpotAngle: 30
  m_CookieSize: 10
  m_Shadows:
    m_Type: 2
    m_Resolution: -1
    m_CustomResolution: -1
    m_Strength: 1
    m_Bias: 0.05
    m_NormalBias: 0.4
    m_NearPlane: 0.2
  m_Cookie: {fileID: 0}
  m_DrawHalo: 0
  m_Flare: {fileID: 0}
  m_RenderMode: 0
  m_CullingMask:
    serializedVersion: 2
    m_Bits: 4294967295
  m_Lightmapping: 2
  m_AreaSize: {x: 1, y: 1}
  m_BounceIntensity: 1
  m_ColorTemperature: 6570
  m_UseColorTemperature: 0
  m_ShadowRadius: 0
  m_ShadowAngle: 0
--- !u!108 &108959778591893660
Light:
  m_ObjectHideFlags: 1
  m_PrefabParentObject: {fileID: 0}
  m_PrefabInternal: {fileID: 100100000}
  m_GameObject: {fileID: 1587434835255150}
  m_Enabled: 1
  serializedVersion: 8
  m_Type: 0
  m_Color: {r: 0.444756, g: 0.43901384, b: 0.5147059, a: 1}
  m_Intensity: 2
  m_Range: 42.9
  m_SpotAngle: 68
  m_CookieSize: 10
  m_Shadows:
    m_Type: 2
    m_Resolution: 2
    m_CustomResolution: -1
    m_Strength: 1
    m_Bias: 0.05
    m_NormalBias: 0.4
    m_NearPlane: 0.2
  m_Cookie: {fileID: 0}
  m_DrawHalo: 0
  m_Flare: {fileID: 0}
  m_RenderMode: 0
  m_CullingMask:
    serializedVersion: 2
    m_Bits: 4294967295
  m_Lightmapping: 2
  m_AreaSize: {x: 1, y: 1}
  m_BounceIntensity: 2
  m_ColorTemperature: 6570
  m_UseColorTemperature: 0
  m_ShadowRadius: 0
  m_ShadowAngle: 0
--- !u!114 &114734389268569424
MonoBehaviour:
  m_ObjectHideFlags: 1
  m_PrefabParentObject: {fileID: 0}
  m_PrefabInternal: {fileID: 100100000}
  m_GameObject: {fileID: 1182343309875630}
  m_Enabled: 1
  m_EditorHideFlags: 0
  m_Script: {fileID: 11500000, guid: dafc90245bfe9e2408e358f71deace2a, type: 3}
  m_Name: 
  m_EditorClassIdentifier: 
  SampleCount: 8
  ScatteringCoef: 0.929
  ExtinctionCoef: 0.01
  SkyboxExtinctionCoef: 0.9
  MieG: 0.1
  HeightFog: 1
  HeightScale: 0.1
  GroundLevel: 0
  Noise: 1
  NoiseScale: 0.015
  NoiseIntensity: 3
  NoiseIntensityOffset: 0.3
  NoiseVelocity: {x: 3, y: 3}
  MaxRayLength: 400
--- !u!215 &215638583008164310
ReflectionProbe:
  m_ObjectHideFlags: 1
  m_PrefabParentObject: {fileID: 0}
  m_PrefabInternal: {fileID: 100100000}
  m_GameObject: {fileID: 1386422035216054}
  m_Enabled: 1
  serializedVersion: 2
  m_Type: 0
  m_Mode: 0
  m_RefreshMode: 0
  m_TimeSlicingMode: 0
  m_Resolution: 128
  m_UpdateFrequency: 0
  m_BoxSize: {x: 50, y: 10, z: 60}
  m_BoxOffset: {x: 0, y: 0, z: 0}
  m_NearClip: 0.3
  m_FarClip: 1000
  m_ShadowDistance: 100
  m_ClearFlags: 1
  m_BackGroundColor: {r: 0.19215687, g: 0.3019608, b: 0.4745098, a: 0}
  m_CullingMask:
    serializedVersion: 2
    m_Bits: 4294967295
  m_IntensityMultiplier: 1
  m_BlendDistance: 1
  m_HDR: 1
  m_BoxProjection: 0
  m_RenderDynamicObjects: 0
  m_UseOcclusionCulling: 1
  m_Importance: 1
  m_CustomBakedTexture: {fileID: 0}
--- !u!220 &220406346123240056
LightProbeGroup:
  m_ObjectHideFlags: 1
  m_PrefabParentObject: {fileID: 0}
  m_PrefabInternal: {fileID: 100100000}
  m_GameObject: {fileID: 1622385414949414}
  m_Enabled: 1
  m_SourcePositions:
  - {x: 4.7979717, y: 11.0796995, z: 5.3649235}
  - {x: 4.7979717, y: 11.0796995, z: 3.3649232}
  - {x: 4.7979717, y: 9.0796995, z: 5.3649235}
  - {x: 4.7979717, y: 9.0796995, z: 3.3649232}
  - {x: 2.7979717, y: 11.0796995, z: 5.3649235}
  - {x: 2.7979717, y: 11.0796995, z: 3.3649232}
  - {x: 2.7979717, y: 9.0796995, z: 5.3649235}
  - {x: 2.7979717, y: 9.0796995, z: 3.3649232}
  - {x: 4.7979717, y: 7.571575, z: 5.3649235}
  - {x: 4.7979717, y: 7.571575, z: 3.3649232}
  - {x: 4.7979717, y: 5.9757833, z: 5.3649235}
  - {x: 4.7979717, y: 5.9757833, z: 3.3649232}
  - {x: 2.7979717, y: 7.571575, z: 5.3649235}
  - {x: 2.7979717, y: 7.571575, z: 3.3649232}
  - {x: 2.7979717, y: 5.9757833, z: 5.3649235}
  - {x: 2.7979717, y: 5.9757833, z: 3.3649232}
  - {x: 4.7979717, y: 4.5081244, z: 5.3649235}
  - {x: 4.7979717, y: 4.5081244, z: 3.3649232}
  - {x: 4.7979717, y: 2.5081244, z: 5.3649235}
  - {x: 4.7979717, y: 2.5081244, z: 3.3649232}
  - {x: 2.7979717, y: 4.5081244, z: 5.3649235}
  - {x: 2.7979717, y: 4.5081244, z: 3.3649232}
  - {x: 2.7979717, y: 2.5081244, z: 5.3649235}
  - {x: 2.7979717, y: 2.5081244, z: 3.3649232}
  - {x: 4.7979717, y: 1, z: 5.3649235}
  - {x: 4.7979717, y: 1, z: 3.3649232}
  - {x: 4.7979717, y: -1, z: 5.3649235}
  - {x: 4.7979717, y: -1, z: 3.3649232}
  - {x: 2.7979717, y: 1, z: 5.3649235}
  - {x: 2.7979717, y: 1, z: 3.3649232}
  - {x: 2.7979717, y: -1, z: 5.3649235}
  - {x: 2.7979717, y: -1, z: 3.3649232}
  - {x: 1, y: 11.0796995, z: 5.3649235}
  - {x: 1, y: 11.0796995, z: 3.3649232}
  - {x: 1, y: 9.0796995, z: 5.3649235}
  - {x: 1, y: 9.0796995, z: 3.3649232}
  - {x: -1, y: 11.0796995, z: 5.3649235}
  - {x: -1, y: 11.0796995, z: 3.3649232}
  - {x: -1, y: 9.0796995, z: 5.3649235}
  - {x: -1, y: 9.0796995, z: 3.3649232}
  - {x: 1, y: 7.571575, z: 5.3649235}
  - {x: 1, y: 7.571575, z: 3.3649232}
  - {x: 1, y: 5.9757833, z: 5.3649235}
  - {x: 1, y: 5.9757833, z: 3.3649232}
  - {x: -1, y: 7.571575, z: 5.3649235}
  - {x: -1, y: 7.571575, z: 3.3649232}
  - {x: -1, y: 5.9757833, z: 5.3649235}
  - {x: -1, y: 5.9757833, z: 3.3649232}
  - {x: 1, y: 4.5081244, z: 5.3649235}
  - {x: 1, y: 4.5081244, z: 3.3649232}
  - {x: 1, y: 2.5081244, z: 5.3649235}
  - {x: 1, y: 2.5081244, z: 3.3649232}
  - {x: -1, y: 4.5081244, z: 5.3649235}
  - {x: -1, y: 4.5081244, z: 3.3649232}
  - {x: -1, y: 2.5081244, z: 5.3649235}
  - {x: -1, y: 2.5081244, z: 3.3649232}
  - {x: 1, y: 1, z: 5.3649235}
  - {x: 1, y: 1, z: 3.3649232}
  - {x: 1, y: -1, z: 5.3649235}
  - {x: 1, y: -1, z: 3.3649232}
  - {x: -1, y: 1, z: 5.3649235}
  - {x: -1, y: 1, z: 3.3649232}
  - {x: -1, y: -1, z: 5.3649235}
  - {x: -1, y: -1, z: 3.3649232}
  - {x: 4.7979717, y: 11.0796995, z: 9.474797}
  - {x: 4.7979717, y: 11.0796995, z: 7.4747972}
  - {x: 4.7979717, y: 9.0796995, z: 9.474797}
  - {x: 4.7979717, y: 9.0796995, z: 7.4747972}
  - {x: 2.7979717, y: 11.0796995, z: 9.474797}
  - {x: 2.7979717, y: 11.0796995, z: 7.4747972}
  - {x: 2.7979717, y: 9.0796995, z: 9.474797}
  - {x: 2.7979717, y: 9.0796995, z: 7.4747972}
  - {x: 4.7979717, y: 7.571575, z: 9.474797}
  - {x: 4.7979717, y: 7.571575, z: 7.4747972}
  - {x: 4.7979717, y: 5.9757833, z: 9.474797}
  - {x: 4.7979717, y: 5.9757833, z: 7.4747972}
  - {x: 2.7979717, y: 7.571575, z: 9.474797}
  - {x: 2.7979717, y: 7.571575, z: 7.4747972}
  - {x: 2.7979717, y: 5.9757833, z: 9.474797}
  - {x: 2.7979717, y: 5.9757833, z: 7.4747972}
  - {x: 4.7979717, y: 4.5081244, z: 9.474797}
  - {x: 4.7979717, y: 4.5081244, z: 7.4747972}
  - {x: 4.7979717, y: 2.5081244, z: 9.474797}
  - {x: 4.7979717, y: 2.5081244, z: 7.4747972}
  - {x: 2.7979717, y: 4.5081244, z: 9.474797}
  - {x: 2.7979717, y: 4.5081244, z: 7.4747972}
  - {x: 2.7979717, y: 2.5081244, z: 9.474797}
  - {x: 2.7979717, y: 2.5081244, z: 7.4747972}
  - {x: 4.7979717, y: 1, z: 9.474797}
  - {x: 4.7979717, y: 1, z: 7.4747972}
  - {x: 4.7979717, y: -1, z: 9.474797}
  - {x: 4.7979717, y: -1, z: 7.4747972}
  - {x: 2.7979717, y: 1, z: 9.474797}
  - {x: 2.7979717, y: 1, z: 7.4747972}
  - {x: 2.7979717, y: -1, z: 9.474797}
  - {x: 2.7979717, y: -1, z: 7.4747972}
  - {x: 1, y: 11.0796995, z: 9.474797}
  - {x: 1, y: 11.0796995, z: 7.4747972}
  - {x: 1, y: 9.0796995, z: 9.474797}
  - {x: 1, y: 9.0796995, z: 7.4747972}
  - {x: -1, y: 11.0796995, z: 9.474797}
  - {x: -1, y: 11.0796995, z: 7.4747972}
  - {x: -1, y: 9.0796995, z: 9.474797}
  - {x: -1, y: 9.0796995, z: 7.4747972}
  - {x: 1, y: 7.571575, z: 9.474797}
  - {x: 1, y: 7.571575, z: 7.4747972}
  - {x: 1, y: 5.9757833, z: 9.474797}
  - {x: 1, y: 5.9757833, z: 7.4747972}
  - {x: -1, y: 7.571575, z: 9.474797}
  - {x: -1, y: 7.571575, z: 7.4747972}
  - {x: -1, y: 5.9757833, z: 9.474797}
  - {x: -1, y: 5.9757833, z: 7.4747972}
  - {x: 1, y: 4.5081244, z: 9.474797}
  - {x: 1, y: 4.5081244, z: 7.4747972}
  - {x: 1, y: 2.5081244, z: 9.474797}
  - {x: 1, y: 2.5081244, z: 7.4747972}
  - {x: -1, y: 4.5081244, z: 9.474797}
  - {x: -1, y: 4.5081244, z: 7.4747972}
  - {x: -1, y: 2.5081244, z: 9.474797}
  - {x: -1, y: 2.5081244, z: 7.4747972}
  - {x: 1, y: 1, z: 9.474797}
  - {x: 1, y: 1, z: 7.4747972}
  - {x: 1, y: -1, z: 9.474797}
  - {x: 1, y: -1, z: 7.4747972}
  - {x: -1, y: 1, z: 9.474797}
  - {x: -1, y: 1, z: 7.4747972}
  - {x: -1, y: -1, z: 9.474797}
  - {x: -1, y: -1, z: 7.4747972}
  - {x: 4.7979717, y: 11.0796995, z: 22.066875}
  - {x: 4.7979717, y: 11.0796995, z: 20.066874}
  - {x: 4.7979717, y: 9.0796995, z: 22.066875}
  - {x: 4.7979717, y: 9.0796995, z: 20.066874}
  - {x: 2.7979717, y: 11.0796995, z: 22.066875}
  - {x: 2.7979717, y: 11.0796995, z: 20.066874}
  - {x: 2.7979717, y: 9.0796995, z: 22.066875}
  - {x: 2.7979717, y: 9.0796995, z: 20.066874}
  - {x: 4.7979717, y: 7.571575, z: 22.066875}
  - {x: 4.7979717, y: 7.571575, z: 20.066874}
  - {x: 4.7979717, y: 5.9757833, z: 22.066875}
  - {x: 4.7979717, y: 5.9757833, z: 20.066874}
  - {x: 2.7979717, y: 7.571575, z: 22.066875}
  - {x: 2.7979717, y: 7.571575, z: 20.066874}
  - {x: 2.7979717, y: 5.9757833, z: 22.066875}
  - {x: 2.7979717, y: 5.9757833, z: 20.066874}
  - {x: 4.7979717, y: 4.5081244, z: 22.066875}
  - {x: 4.7979717, y: 4.5081244, z: 20.066874}
  - {x: 4.7979717, y: 2.5081244, z: 22.066875}
  - {x: 4.7979717, y: 2.5081244, z: 20.066874}
  - {x: 2.7979717, y: 4.5081244, z: 22.066875}
  - {x: 2.7979717, y: 4.5081244, z: 20.066874}
  - {x: 2.7979717, y: 2.5081244, z: 22.066875}
  - {x: 2.7979717, y: 2.5081244, z: 20.066874}
  - {x: 4.7979717, y: 1, z: 22.066875}
  - {x: 4.7979717, y: 1, z: 20.066874}
  - {x: 4.7979717, y: -1, z: 22.066875}
  - {x: 4.7979717, y: -1, z: 20.066874}
  - {x: 2.7979717, y: 1, z: 22.066875}
  - {x: 2.7979717, y: 1, z: 20.066874}
  - {x: 2.7979717, y: -1, z: 22.066875}
  - {x: 2.7979717, y: -1, z: 20.066874}
  - {x: 1, y: 11.0796995, z: 22.066875}
  - {x: 1, y: 11.0796995, z: 20.066874}
  - {x: 1, y: 9.0796995, z: 22.066875}
  - {x: 1, y: 9.0796995, z: 20.066874}
  - {x: -1, y: 11.0796995, z: 22.066875}
  - {x: -1, y: 11.0796995, z: 20.066874}
  - {x: -1, y: 9.0796995, z: 22.066875}
  - {x: -1, y: 9.0796995, z: 20.066874}
  - {x: 1, y: 7.571575, z: 22.066875}
  - {x: 1, y: 7.571575, z: 20.066874}
  - {x: 1, y: 5.9757833, z: 22.066875}
  - {x: 1, y: 5.9757833, z: 20.066874}
  - {x: -1, y: 7.571575, z: 22.066875}
  - {x: -1, y: 7.571575, z: 20.066874}
  - {x: -1, y: 5.9757833, z: 22.066875}
  - {x: -1, y: 5.9757833, z: 20.066874}
  - {x: 1, y: 4.5081244, z: 22.066875}
  - {x: 1, y: 4.5081244, z: 20.066874}
  - {x: 1, y: 2.5081244, z: 22.066875}
  - {x: 1, y: 2.5081244, z: 20.066874}
  - {x: -1, y: 4.5081244, z: 22.066875}
  - {x: -1, y: 4.5081244, z: 20.066874}
  - {x: -1, y: 2.5081244, z: 22.066875}
  - {x: -1, y: 2.5081244, z: 20.066874}
  - {x: 1, y: 1, z: 22.066875}
  - {x: 1, y: 1, z: 20.066874}
  - {x: 1, y: -1, z: 22.066875}
  - {x: 1, y: -1, z: 20.066874}
  - {x: -1, y: 1, z: 22.066875}
  - {x: -1, y: 1, z: 20.066874}
  - {x: -1, y: -1, z: 22.066875}
  - {x: -1, y: -1, z: 20.066874}
  - {x: 4.7979717, y: 11.0796995, z: 26.17675}
  - {x: 4.7979717, y: 11.0796995, z: 24.17675}
  - {x: 4.7979717, y: 9.0796995, z: 26.17675}
  - {x: 4.7979717, y: 9.0796995, z: 24.17675}
  - {x: 2.7979717, y: 11.0796995, z: 26.17675}
  - {x: 2.7979717, y: 11.0796995, z: 24.17675}
  - {x: 2.7979717, y: 9.0796995, z: 26.17675}
  - {x: 2.7979717, y: 9.0796995, z: 24.17675}
  - {x: 4.7979717, y: 7.571575, z: 26.17675}
  - {x: 4.7979717, y: 7.571575, z: 24.17675}
  - {x: 4.7979717, y: 5.9757833, z: 26.17675}
  - {x: 4.7979717, y: 5.9757833, z: 24.17675}
  - {x: 2.7979717, y: 7.571575, z: 26.17675}
  - {x: 2.7979717, y: 7.571575, z: 24.17675}
  - {x: 2.7979717, y: 5.9757833, z: 26.17675}
  - {x: 2.7979717, y: 5.9757833, z: 24.17675}
  - {x: 4.7979717, y: 4.5081244, z: 26.17675}
  - {x: 4.7979717, y: 4.5081244, z: 24.17675}
  - {x: 4.7979717, y: 2.5081244, z: 26.17675}
  - {x: 4.7979717, y: 2.5081244, z: 24.17675}
  - {x: 2.7979717, y: 4.5081244, z: 26.17675}
  - {x: 2.7979717, y: 4.5081244, z: 24.17675}
  - {x: 2.7979717, y: 2.5081244, z: 26.17675}
  - {x: 2.7979717, y: 2.5081244, z: 24.17675}
  - {x: 4.7979717, y: 1, z: 26.17675}
  - {x: 4.7979717, y: 1, z: 24.17675}
  - {x: 4.7979717, y: -1, z: 26.17675}
  - {x: 4.7979717, y: -1, z: 24.17675}
  - {x: 2.7979717, y: 1, z: 26.17675}
  - {x: 2.7979717, y: 1, z: 24.17675}
  - {x: 2.7979717, y: -1, z: 26.17675}
  - {x: 2.7979717, y: -1, z: 24.17675}
  - {x: 1, y: 11.0796995, z: 26.17675}
  - {x: 1, y: 11.0796995, z: 24.17675}
  - {x: 1, y: 9.0796995, z: 26.17675}
  - {x: 1, y: 9.0796995, z: 24.17675}
  - {x: -1, y: 11.0796995, z: 26.17675}
  - {x: -1, y: 11.0796995, z: 24.17675}
  - {x: -1, y: 9.0796995, z: 26.17675}
  - {x: -1, y: 9.0796995, z: 24.17675}
  - {x: 1, y: 7.571575, z: 26.17675}
  - {x: 1, y: 7.571575, z: 24.17675}
  - {x: 1, y: 5.9757833, z: 26.17675}
  - {x: 1, y: 5.9757833, z: 24.17675}
  - {x: -1, y: 7.571575, z: 26.17675}
  - {x: -1, y: 7.571575, z: 24.17675}
  - {x: -1, y: 5.9757833, z: 26.17675}
  - {x: -1, y: 5.9757833, z: 24.17675}
  - {x: 1, y: 4.5081244, z: 26.17675}
  - {x: 1, y: 4.5081244, z: 24.17675}
  - {x: 1, y: 2.5081244, z: 26.17675}
  - {x: 1, y: 2.5081244, z: 24.17675}
  - {x: -1, y: 4.5081244, z: 26.17675}
  - {x: -1, y: 4.5081244, z: 24.17675}
  - {x: -1, y: 2.5081244, z: 26.17675}
  - {x: -1, y: 2.5081244, z: 24.17675}
  - {x: 1, y: 1, z: 26.17675}
  - {x: 1, y: 1, z: 24.17675}
  - {x: 1, y: -1, z: 26.17675}
  - {x: 1, y: -1, z: 24.17675}
  - {x: -1, y: 1, z: 26.17675}
  - {x: -1, y: 1, z: 24.17675}
  - {x: -1, y: -1, z: 26.17675}
  - {x: -1, y: -1, z: 24.17675}
  - {x: 4.7979717, y: 11.0796995, z: -11.119092}
  - {x: 4.7979717, y: 11.0796995, z: -13.119092}
  - {x: 4.7979717, y: 9.0796995, z: -11.119092}
  - {x: 4.7979717, y: 9.0796995, z: -13.119092}
  - {x: 2.7979717, y: 11.0796995, z: -11.119092}
  - {x: 2.7979717, y: 11.0796995, z: -13.119092}
  - {x: 2.7979717, y: 9.0796995, z: -11.119092}
  - {x: 2.7979717, y: 9.0796995, z: -13.119092}
  - {x: 4.7979717, y: 7.571575, z: -11.119092}
  - {x: 4.7979717, y: 7.571575, z: -13.119092}
  - {x: 4.7979717, y: 5.9757833, z: -11.119092}
  - {x: 4.7979717, y: 5.9757833, z: -13.119092}
  - {x: 2.7979717, y: 7.571575, z: -11.119092}
  - {x: 2.7979717, y: 7.571575, z: -13.119092}
  - {x: 2.7979717, y: 5.9757833, z: -11.119092}
  - {x: 2.7979717, y: 5.9757833, z: -13.119092}
  - {x: 4.7979717, y: 4.5081244, z: -11.119092}
  - {x: 4.7979717, y: 4.5081244, z: -13.119092}
  - {x: 4.7979717, y: 2.5081244, z: -11.119092}
  - {x: 4.7979717, y: 2.5081244, z: -13.119092}
  - {x: 2.7979717, y: 4.5081244, z: -11.119092}
  - {x: 2.7979717, y: 4.5081244, z: -13.119092}
  - {x: 2.7979717, y: 2.5081244, z: -11.119092}
  - {x: 2.7979717, y: 2.5081244, z: -13.119092}
  - {x: 4.7979717, y: 1, z: -11.119092}
  - {x: 4.7979717, y: 1, z: -13.119092}
  - {x: 4.7979717, y: -1, z: -11.119092}
  - {x: 4.7979717, y: -1, z: -13.119092}
  - {x: 2.7979717, y: 1, z: -11.119092}
  - {x: 2.7979717, y: 1, z: -13.119092}
  - {x: 2.7979717, y: -1, z: -11.119092}
  - {x: 2.7979717, y: -1, z: -13.119092}
  - {x: 1, y: 11.0796995, z: -11.119092}
  - {x: 1, y: 11.0796995, z: -13.119092}
  - {x: 1, y: 9.0796995, z: -11.119092}
  - {x: 1, y: 9.0796995, z: -13.119092}
  - {x: -1, y: 11.0796995, z: -11.119092}
  - {x: -1, y: 11.0796995, z: -13.119092}
  - {x: -1, y: 9.0796995, z: -11.119092}
  - {x: -1, y: 9.0796995, z: -13.119092}
  - {x: 1, y: 7.571575, z: -11.119092}
  - {x: 1, y: 7.571575, z: -13.119092}
  - {x: 1, y: 5.9757833, z: -11.119092}
  - {x: 1, y: 5.9757833, z: -13.119092}
  - {x: -1, y: 7.571575, z: -11.119092}
  - {x: -1, y: 7.571575, z: -13.119092}
  - {x: -1, y: 5.9757833, z: -11.119092}
  - {x: -1, y: 5.9757833, z: -13.119092}
  - {x: 1, y: 4.5081244, z: -11.119092}
  - {x: 1, y: 4.5081244, z: -13.119092}
  - {x: 1, y: 2.5081244, z: -11.119092}
  - {x: 1, y: 2.5081244, z: -13.119092}
  - {x: -1, y: 4.5081244, z: -11.119092}
  - {x: -1, y: 4.5081244, z: -13.119092}
  - {x: -1, y: 2.5081244, z: -11.119092}
  - {x: -1, y: 2.5081244, z: -13.119092}
  - {x: 1, y: 1, z: -11.119092}
  - {x: 1, y: 1, z: -13.119092}
  - {x: 1, y: -1, z: -11.119092}
  - {x: 1, y: -1, z: -13.119092}
  - {x: -1, y: 1, z: -11.119092}
  - {x: -1, y: 1, z: -13.119092}
  - {x: -1, y: -1, z: -11.119092}
  - {x: -1, y: -1, z: -13.119092}
  - {x: 4.7979717, y: 11.0796995, z: -7.009218}
  - {x: 4.7979717, y: 11.0796995, z: -9.009218}
  - {x: 4.7979717, y: 9.0796995, z: -7.009218}
  - {x: 4.7979717, y: 9.0796995, z: -9.009218}
  - {x: 2.7979717, y: 11.0796995, z: -7.009218}
  - {x: 2.7979717, y: 11.0796995, z: -9.009218}
  - {x: 2.7979717, y: 9.0796995, z: -7.009218}
  - {x: 2.7979717, y: 9.0796995, z: -9.009218}
  - {x: 4.7979717, y: 7.571575, z: -7.009218}
  - {x: 4.7979717, y: 7.571575, z: -9.009218}
  - {x: 4.7979717, y: 5.9757833, z: -7.009218}
  - {x: 4.7979717, y: 5.9757833, z: -9.009218}
  - {x: 2.7979717, y: 7.571575, z: -7.009218}
  - {x: 2.7979717, y: 7.571575, z: -9.009218}
  - {x: 2.7979717, y: 5.9757833, z: -7.009218}
  - {x: 2.7979717, y: 5.9757833, z: -9.009218}
  - {x: 4.7979717, y: 4.5081244, z: -7.009218}
  - {x: 4.7979717, y: 4.5081244, z: -9.009218}
  - {x: 4.7979717, y: 2.5081244, z: -7.009218}
  - {x: 4.7979717, y: 2.5081244, z: -9.009218}
  - {x: 2.7979717, y: 4.5081244, z: -7.009218}
  - {x: 2.7979717, y: 4.5081244, z: -9.009218}
  - {x: 2.7979717, y: 2.5081244, z: -7.009218}
  - {x: 2.7979717, y: 2.5081244, z: -9.009218}
  - {x: 4.7979717, y: 1, z: -7.009218}
  - {x: 4.7979717, y: 1, z: -9.009218}
  - {x: 4.7979717, y: -1, z: -7.009218}
  - {x: 4.7979717, y: -1, z: -9.009218}
  - {x: 2.7979717, y: 1, z: -7.009218}
  - {x: 2.7979717, y: 1, z: -9.009218}
  - {x: 2.7979717, y: -1, z: -7.009218}
  - {x: 2.7979717, y: -1, z: -9.009218}
  - {x: 1, y: 11.0796995, z: -7.009218}
  - {x: 1, y: 11.0796995, z: -9.009218}
  - {x: 1, y: 9.0796995, z: -7.009218}
  - {x: 1, y: 9.0796995, z: -9.009218}
  - {x: -1, y: 11.0796995, z: -7.009218}
  - {x: -1, y: 11.0796995, z: -9.009218}
  - {x: -1, y: 9.0796995, z: -7.009218}
  - {x: -1, y: 9.0796995, z: -9.009218}
  - {x: 1, y: 7.571575, z: -7.009218}
  - {x: 1, y: 7.571575, z: -9.009218}
  - {x: 1, y: 5.9757833, z: -7.009218}
  - {x: 1, y: 5.9757833, z: -9.009218}
  - {x: -1, y: 7.571575, z: -7.009218}
  - {x: -1, y: 7.571575, z: -9.009218}
  - {x: -1, y: 5.9757833, z: -7.009218}
  - {x: -1, y: 5.9757833, z: -9.009218}
  - {x: 1, y: 4.5081244, z: -7.009218}
  - {x: 1, y: 4.5081244, z: -9.009218}
  - {x: 1, y: 2.5081244, z: -7.009218}
  - {x: 1, y: 2.5081244, z: -9.009218}
  - {x: -1, y: 4.5081244, z: -7.009218}
  - {x: -1, y: 4.5081244, z: -9.009218}
  - {x: -1, y: 2.5081244, z: -7.009218}
  - {x: -1, y: 2.5081244, z: -9.009218}
  - {x: 1, y: 1, z: -7.009218}
  - {x: 1, y: 1, z: -9.009218}
  - {x: 1, y: -1, z: -7.009218}
  - {x: 1, y: -1, z: -9.009218}
  - {x: -1, y: 1, z: -7.009218}
  - {x: -1, y: 1, z: -9.009218}
  - {x: -1, y: -1, z: -7.009218}
  - {x: -1, y: -1, z: -9.009218}
  - {x: 4.7979717, y: 11.0796995, z: -3.1098738}
  - {x: 4.7979717, y: 11.0796995, z: -5.109874}
  - {x: 4.7979717, y: 9.0796995, z: -3.1098738}
  - {x: 4.7979717, y: 9.0796995, z: -5.109874}
  - {x: 2.7979717, y: 11.0796995, z: -3.1098738}
  - {x: 2.7979717, y: 11.0796995, z: -5.109874}
  - {x: 2.7979717, y: 9.0796995, z: -3.1098738}
  - {x: 2.7979717, y: 9.0796995, z: -5.109874}
  - {x: 4.7979717, y: 7.571575, z: -3.1098738}
  - {x: 4.7979717, y: 7.571575, z: -5.109874}
  - {x: 4.7979717, y: 5.9757833, z: -3.1098738}
  - {x: 4.7979717, y: 5.9757833, z: -5.109874}
  - {x: 2.7979717, y: 7.571575, z: -3.1098738}
  - {x: 2.7979717, y: 7.571575, z: -5.109874}
  - {x: 2.7979717, y: 5.9757833, z: -3.1098738}
  - {x: 2.7979717, y: 5.9757833, z: -5.109874}
  - {x: 4.7979717, y: 4.5081244, z: -3.1098738}
  - {x: 4.7979717, y: 4.5081244, z: -5.109874}
  - {x: 4.7979717, y: 2.5081244, z: -3.1098738}
  - {x: 4.7979717, y: 2.5081244, z: -5.109874}
  - {x: 2.7979717, y: 4.5081244, z: -3.1098738}
  - {x: 2.7979717, y: 4.5081244, z: -5.109874}
  - {x: 2.7979717, y: 2.5081244, z: -3.1098738}
  - {x: 2.7979717, y: 2.5081244, z: -5.109874}
  - {x: 4.7979717, y: 1, z: -3.1098738}
  - {x: 4.7979717, y: 1, z: -5.109874}
  - {x: 4.7979717, y: -1, z: -3.1098738}
  - {x: 4.7979717, y: -1, z: -5.109874}
  - {x: 2.7979717, y: 1, z: -3.1098738}
  - {x: 2.7979717, y: 1, z: -5.109874}
  - {x: 2.7979717, y: -1, z: -3.1098738}
  - {x: 2.7979717, y: -1, z: -5.109874}
  - {x: 1, y: 11.0796995, z: -3.1098738}
  - {x: 1, y: 11.0796995, z: -5.109874}
  - {x: 1, y: 9.0796995, z: -3.1098738}
  - {x: 1, y: 9.0796995, z: -5.109874}
  - {x: -1, y: 11.0796995, z: -3.1098738}
  - {x: -1, y: 11.0796995, z: -5.109874}
  - {x: -1, y: 9.0796995, z: -3.1098738}
  - {x: -1, y: 9.0796995, z: -5.109874}
  - {x: 1, y: 7.571575, z: -3.1098738}
  - {x: 1, y: 7.571575, z: -5.109874}
  - {x: 1, y: 5.9757833, z: -3.1098738}
  - {x: 1, y: 5.9757833, z: -5.109874}
  - {x: -1, y: 7.571575, z: -3.1098738}
  - {x: -1, y: 7.571575, z: -5.109874}
  - {x: -1, y: 5.9757833, z: -3.1098738}
  - {x: -1, y: 5.9757833, z: -5.109874}
  - {x: 1, y: 4.5081244, z: -3.1098738}
  - {x: 1, y: 4.5081244, z: -5.109874}
  - {x: 1, y: 2.5081244, z: -3.1098738}
  - {x: 1, y: 2.5081244, z: -5.109874}
  - {x: -1, y: 4.5081244, z: -3.1098738}
  - {x: -1, y: 4.5081244, z: -5.109874}
  - {x: -1, y: 2.5081244, z: -3.1098738}
  - {x: -1, y: 2.5081244, z: -5.109874}
  - {x: 1, y: 1, z: -3.1098738}
  - {x: 1, y: 1, z: -5.109874}
  - {x: 1, y: -1, z: -3.1098738}
  - {x: 1, y: -1, z: -5.109874}
  - {x: -1, y: 1, z: -3.1098738}
  - {x: -1, y: 1, z: -5.109874}
  - {x: -1, y: -1, z: -3.1098738}
  - {x: -1, y: -1, z: -5.109874}
  - {x: 4.7979717, y: 11.0796995, z: 1}
  - {x: 4.7979717, y: 11.0796995, z: -1}
  - {x: 4.7979717, y: 9.0796995, z: 1}
  - {x: 4.7979717, y: 9.0796995, z: -1}
  - {x: 2.7979717, y: 11.0796995, z: 1}
  - {x: 2.7979717, y: 11.0796995, z: -1}
  - {x: 2.7979717, y: 9.0796995, z: 1}
  - {x: 2.7979717, y: 9.0796995, z: -1}
  - {x: 4.7979717, y: 7.571575, z: 1}
  - {x: 4.7979717, y: 7.571575, z: -1}
  - {x: 4.7979717, y: 5.9757833, z: 1}
  - {x: 4.7979717, y: 5.9757833, z: -1}
  - {x: 2.7979717, y: 7.571575, z: 1}
  - {x: 2.7979717, y: 7.571575, z: -1}
  - {x: 2.7979717, y: 5.9757833, z: 1}
  - {x: 2.7979717, y: 5.9757833, z: -1}
  - {x: 4.7979717, y: 4.5081244, z: 1}
  - {x: 4.7979717, y: 4.5081244, z: -1}
  - {x: 4.7979717, y: 2.5081244, z: 1}
  - {x: 4.7979717, y: 2.5081244, z: -1}
  - {x: 2.7979717, y: 4.5081244, z: 1}
  - {x: 2.7979717, y: 4.5081244, z: -1}
  - {x: 2.7979717, y: 2.5081244, z: 1}
  - {x: 2.7979717, y: 2.5081244, z: -1}
  - {x: 4.7979717, y: 1, z: 1}
  - {x: 4.7979717, y: 1, z: -1}
  - {x: 4.7979717, y: -1, z: 1}
  - {x: 4.7979717, y: -1, z: -1}
  - {x: 2.7979717, y: 1, z: 1}
  - {x: 2.7979717, y: 1, z: -1}
  - {x: 2.7979717, y: -1, z: 1}
  - {x: 2.7979717, y: -1, z: -1}
  - {x: 1, y: 11.0796995, z: 1}
  - {x: 1, y: 11.0796995, z: -1}
  - {x: 1, y: 9.0796995, z: 1}
  - {x: 1, y: 9.0796995, z: -1}
  - {x: -1, y: 11.0796995, z: 1}
  - {x: -1, y: 11.0796995, z: -1}
  - {x: -1, y: 9.0796995, z: 1}
  - {x: -1, y: 9.0796995, z: -1}
  - {x: 1, y: 7.571575, z: 1}
  - {x: 1, y: 7.571575, z: -1}
  - {x: 1, y: 5.9757833, z: 1}
  - {x: 1, y: 5.9757833, z: -1}
  - {x: -1, y: 7.571575, z: 1}
  - {x: -1, y: 7.571575, z: -1}
  - {x: -1, y: 5.9757833, z: 1}
  - {x: -1, y: 5.9757833, z: -1}
  - {x: 1, y: 4.5081244, z: 1}
  - {x: 1, y: 4.5081244, z: -1}
  - {x: 1, y: 2.5081244, z: 1}
  - {x: 1, y: 2.5081244, z: -1}
  - {x: -1, y: 4.5081244, z: 1}
  - {x: -1, y: 4.5081244, z: -1}
  - {x: -1, y: 2.5081244, z: 1}
  - {x: -1, y: 2.5081244, z: -1}
  - {x: 1, y: 1, z: 1}
  - {x: 1, y: 1, z: -1}
  - {x: 1, y: -1, z: 1}
  - {x: 1, y: -1, z: -1}
  - {x: -1, y: 1, z: 1}
  - {x: -1, y: 1, z: -1}
  - {x: -1, y: -1, z: 1}
  - {x: -1, y: -1, z: -1}
  - {x: 4.7979717, y: 11.0796995, z: 13.374142}
  - {x: 4.7979717, y: 11.0796995, z: 11.374142}
  - {x: 4.7979717, y: 9.0796995, z: 13.374142}
  - {x: 4.7979717, y: 9.0796995, z: 11.374142}
  - {x: 2.7979717, y: 11.0796995, z: 13.374142}
  - {x: 2.7979717, y: 11.0796995, z: 11.374142}
  - {x: 2.7979717, y: 9.0796995, z: 13.374142}
  - {x: 2.7979717, y: 9.0796995, z: 11.374142}
  - {x: 4.7979717, y: 7.571575, z: 13.374142}
  - {x: 4.7979717, y: 7.571575, z: 11.374142}
  - {x: 4.7979717, y: 5.9757833, z: 13.374142}
  - {x: 4.7979717, y: 5.9757833, z: 11.374142}
  - {x: 2.7979717, y: 7.571575, z: 13.374142}
  - {x: 2.7979717, y: 7.571575, z: 11.374142}
  - {x: 2.7979717, y: 5.9757833, z: 13.374142}
  - {x: 2.7979717, y: 5.9757833, z: 11.374142}
  - {x: 4.7979717, y: 4.5081244, z: 13.374142}
  - {x: 4.7979717, y: 4.5081244, z: 11.374142}
  - {x: 4.7979717, y: 2.5081244, z: 13.374142}
  - {x: 4.7979717, y: 2.5081244, z: 11.374142}
  - {x: 2.7979717, y: 4.5081244, z: 13.374142}
  - {x: 2.7979717, y: 4.5081244, z: 11.374142}
  - {x: 2.7979717, y: 2.5081244, z: 13.374142}
  - {x: 2.7979717, y: 2.5081244, z: 11.374142}
  - {x: 4.7979717, y: 1, z: 13.374142}
  - {x: 4.7979717, y: 1, z: 11.374142}
  - {x: 4.7979717, y: -1, z: 13.374142}
  - {x: 4.7979717, y: -1, z: 11.374142}
  - {x: 2.7979717, y: 1, z: 13.374142}
  - {x: 2.7979717, y: 1, z: 11.374142}
  - {x: 2.7979717, y: -1, z: 13.374142}
  - {x: 2.7979717, y: -1, z: 11.374142}
  - {x: 1, y: 11.0796995, z: 13.374142}
  - {x: 1, y: 11.0796995, z: 11.374142}
  - {x: 1, y: 9.0796995, z: 13.374142}
  - {x: 1, y: 9.0796995, z: 11.374142}
  - {x: -1, y: 11.0796995, z: 13.374142}
  - {x: -1, y: 11.0796995, z: 11.374142}
  - {x: -1, y: 9.0796995, z: 13.374142}
  - {x: -1, y: 9.0796995, z: 11.374142}
  - {x: 1, y: 7.571575, z: 13.374142}
  - {x: 1, y: 7.571575, z: 11.374142}
  - {x: 1, y: 5.9757833, z: 13.374142}
  - {x: 1, y: 5.9757833, z: 11.374142}
  - {x: -1, y: 7.571575, z: 13.374142}
  - {x: -1, y: 7.571575, z: 11.374142}
  - {x: -1, y: 5.9757833, z: 13.374142}
  - {x: -1, y: 5.9757833, z: 11.374142}
  - {x: 1, y: 4.5081244, z: 13.374142}
  - {x: 1, y: 4.5081244, z: 11.374142}
  - {x: 1, y: 2.5081244, z: 13.374142}
  - {x: 1, y: 2.5081244, z: 11.374142}
  - {x: -1, y: 4.5081244, z: 13.374142}
  - {x: -1, y: 4.5081244, z: 11.374142}
  - {x: -1, y: 2.5081244, z: 13.374142}
  - {x: -1, y: 2.5081244, z: 11.374142}
  - {x: 1, y: 1, z: 13.374142}
  - {x: 1, y: 1, z: 11.374142}
  - {x: 1, y: -1, z: 13.374142}
  - {x: 1, y: -1, z: 11.374142}
  - {x: -1, y: 1, z: 13.374142}
  - {x: -1, y: 1, z: 11.374142}
  - {x: -1, y: -1, z: 13.374142}
  - {x: -1, y: -1, z: 11.374142}
  - {x: 4.7979717, y: 11.0796995, z: 17.484016}
  - {x: 4.7979717, y: 11.0796995, z: 15.484015}
  - {x: 4.7979717, y: 9.0796995, z: 17.484016}
  - {x: 4.7979717, y: 9.0796995, z: 15.484015}
  - {x: 2.7979717, y: 11.0796995, z: 17.484016}
  - {x: 2.7979717, y: 11.0796995, z: 15.484015}
  - {x: 2.7979717, y: 9.0796995, z: 17.484016}
  - {x: 2.7979717, y: 9.0796995, z: 15.484015}
  - {x: 4.7979717, y: 7.571575, z: 17.484016}
  - {x: 4.7979717, y: 7.571575, z: 15.484015}
  - {x: 4.7979717, y: 5.9757833, z: 17.484016}
  - {x: 4.7979717, y: 5.9757833, z: 15.484015}
  - {x: 2.7979717, y: 7.571575, z: 17.484016}
  - {x: 2.7979717, y: 7.571575, z: 15.484015}
  - {x: 2.7979717, y: 5.9757833, z: 17.484016}
  - {x: 2.7979717, y: 5.9757833, z: 15.484015}
  - {x: 4.7979717, y: 4.5081244, z: 17.484016}
  - {x: 4.7979717, y: 4.5081244, z: 15.484015}
  - {x: 4.7979717, y: 2.5081244, z: 17.484016}
  - {x: 4.7979717, y: 2.5081244, z: 15.484015}
  - {x: 2.7979717, y: 4.5081244, z: 17.484016}
  - {x: 2.7979717, y: 4.5081244, z: 15.484015}
  - {x: 2.7979717, y: 2.5081244, z: 17.484016}
  - {x: 2.7979717, y: 2.5081244, z: 15.484015}
  - {x: 4.7979717, y: 1, z: 17.484016}
  - {x: 4.7979717, y: 1, z: 15.484015}
  - {x: 4.7979717, y: -1, z: 17.484016}
  - {x: 4.7979717, y: -1, z: 15.484015}
  - {x: 2.7979717, y: 1, z: 17.484016}
  - {x: 2.7979717, y: 1, z: 15.484015}
  - {x: 2.7979717, y: -1, z: 17.484016}
  - {x: 2.7979717, y: -1, z: 15.484015}
  - {x: 1, y: 11.0796995, z: 17.484016}
  - {x: 1, y: 11.0796995, z: 15.484015}
  - {x: 1, y: 9.0796995, z: 17.484016}
  - {x: 1, y: 9.0796995, z: 15.484015}
  - {x: -1, y: 11.0796995, z: 17.484016}
  - {x: -1, y: 11.0796995, z: 15.484015}
  - {x: -1, y: 9.0796995, z: 17.484016}
  - {x: -1, y: 9.0796995, z: 15.484015}
  - {x: 1, y: 7.571575, z: 17.484016}
  - {x: 1, y: 7.571575, z: 15.484015}
  - {x: 1, y: 5.9757833, z: 17.484016}
  - {x: 1, y: 5.9757833, z: 15.484015}
  - {x: -1, y: 7.571575, z: 17.484016}
  - {x: -1, y: 7.571575, z: 15.484015}
  - {x: -1, y: 5.9757833, z: 17.484016}
  - {x: -1, y: 5.9757833, z: 15.484015}
  - {x: 1, y: 4.5081244, z: 17.484016}
  - {x: 1, y: 4.5081244, z: 15.484015}
  - {x: 1, y: 2.5081244, z: 17.484016}
  - {x: 1, y: 2.5081244, z: 15.484015}
  - {x: -1, y: 4.5081244, z: 17.484016}
  - {x: -1, y: 4.5081244, z: 15.484015}
  - {x: -1, y: 2.5081244, z: 17.484016}
  - {x: -1, y: 2.5081244, z: 15.484015}
  - {x: 1, y: 1, z: 17.484016}
  - {x: 1, y: 1, z: 15.484015}
  - {x: 1, y: -1, z: 17.484016}
  - {x: 1, y: -1, z: 15.484015}
  - {x: -1, y: 1, z: 17.484016}
  - {x: -1, y: 1, z: 15.484015}
  - {x: -1, y: -1, z: 17.484016}
  - {x: -1, y: -1, z: 15.484015}
