%YAML 1.1
%TAG !u! tag:unity3d.com,2011:
--- !u!1001 &100100000
Prefab:
  m_ObjectHideFlags: 1
  serializedVersion: 2
  m_Modification:
    m_TransformParent: {fileID: 0}
    m_Modifications: []
    m_RemovedComponents: []
  m_ParentPrefab: {fileID: 0}
  m_RootGameObject: {fileID: 1846718207413426}
  m_IsPrefabParent: 1
--- !u!1 &1029734171222458
GameObject:
  m_ObjectHideFlags: 0
  m_PrefabParentObject: {fileID: 0}
  m_PrefabInternal: {fileID: 100100000}
  serializedVersion: 5
  m_Component:
  - component: {fileID: 4033407100610228}
  - component: {fileID: 215553004273383016}
  m_Layer: 0
  m_Name: Reflection Probe (3)
  m_TagString: Untagged
  m_Icon: {fileID: 0}
  m_NavMeshLayer: 0
  m_StaticEditorFlags: 0
  m_IsActive: 1
--- !u!1 &1050781259355316
GameObject:
  m_ObjectHideFlags: 1
  m_PrefabParentObject: {fileID: 0}
  m_PrefabInternal: {fileID: 100100000}
  serializedVersion: 5
  m_Component:
  - component: {fileID: 4790022072968152}
  - component: {fileID: 108982839434575806}
  m_Layer: 0
  m_Name: chandelier (3)
  m_TagString: Untagged
  m_Icon: {fileID: 0}
  m_NavMeshLayer: 0
  m_StaticEditorFlags: 0
  m_IsActive: 1
--- !u!1 &1099849749169568
GameObject:
  m_ObjectHideFlags: 1
  m_PrefabParentObject: {fileID: 0}
  m_PrefabInternal: {fileID: 100100000}
  serializedVersion: 5
  m_Component:
  - component: {fileID: 4252420023593538}
  - component: {fileID: 108062921655288848}
  m_Layer: 0
  m_Name: chandelier (1)
  m_TagString: Untagged
  m_Icon: {fileID: 0}
  m_NavMeshLayer: 0
  m_StaticEditorFlags: 0
  m_IsActive: 1
--- !u!1 &1100350403605470
GameObject:
  m_ObjectHideFlags: 1
  m_PrefabParentObject: {fileID: 0}
  m_PrefabInternal: {fileID: 100100000}
  serializedVersion: 5
  m_Component:
  - component: {fileID: 4157167222146644}
  - component: {fileID: 108671283711224640}
  m_Layer: 0
  m_Name: Area Light (1)
  m_TagString: Untagged
  m_Icon: {fileID: 0}
  m_NavMeshLayer: 0
  m_StaticEditorFlags: 0
  m_IsActive: 1
--- !u!1 &1136481138497520
GameObject:
  m_ObjectHideFlags: 1
  m_PrefabParentObject: {fileID: 0}
  m_PrefabInternal: {fileID: 100100000}
  serializedVersion: 5
  m_Component:
  - component: {fileID: 4500953988779454}
  - component: {fileID: 108668301079199210}
  m_Layer: 0
  m_Name: Area Light (2)
  m_TagString: Untagged
  m_Icon: {fileID: 0}
  m_NavMeshLayer: 0
  m_StaticEditorFlags: 0
  m_IsActive: 1
--- !u!1 &1144196409043618
GameObject:
  m_ObjectHideFlags: 1
  m_PrefabParentObject: {fileID: 0}
  m_PrefabInternal: {fileID: 100100000}
  serializedVersion: 5
  m_Component:
  - component: {fileID: 4748689083220654}
  - component: {fileID: 108563920584498516}
  m_Layer: 0
  m_Name: firepoint
  m_TagString: Untagged
  m_Icon: {fileID: 0}
  m_NavMeshLayer: 0
  m_StaticEditorFlags: 0
  m_IsActive: 1
--- !u!1 &1186670607072938
GameObject:
  m_ObjectHideFlags: 0
  m_PrefabParentObject: {fileID: 0}
  m_PrefabInternal: {fileID: 100100000}
  serializedVersion: 5
  m_Component:
  - component: {fileID: 4073373872673456}
  - component: {fileID: 215140723422231050}
  m_Layer: 0
  m_Name: Reflection Probe (2)
  m_TagString: Untagged
  m_Icon: {fileID: 0}
  m_NavMeshLayer: 0
  m_StaticEditorFlags: 0
  m_IsActive: 1
--- !u!1 &1229443393898860
GameObject:
  m_ObjectHideFlags: 1
  m_PrefabParentObject: {fileID: 0}
  m_PrefabInternal: {fileID: 100100000}
  serializedVersion: 5
  m_Component:
  - component: {fileID: 4455069252774774}
  - component: {fileID: 108181275657760004}
  m_Layer: 0
  m_Name: firespot (1)
  m_TagString: Untagged
  m_Icon: {fileID: 0}
  m_NavMeshLayer: 0
  m_StaticEditorFlags: 0
  m_IsActive: 1
--- !u!1 &1249160570061604
GameObject:
  m_ObjectHideFlags: 1
  m_PrefabParentObject: {fileID: 0}
  m_PrefabInternal: {fileID: 100100000}
  serializedVersion: 5
  m_Component:
  - component: {fileID: 4257288052954178}
  - component: {fileID: 108049271032237086}
  m_Layer: 0
  m_Name: center+nosh
  m_TagString: Untagged
  m_Icon: {fileID: 0}
  m_NavMeshLayer: 0
  m_StaticEditorFlags: 0
  m_IsActive: 0
--- !u!1 &1269034679435212
GameObject:
  m_ObjectHideFlags: 0
  m_PrefabParentObject: {fileID: 0}
  m_PrefabInternal: {fileID: 100100000}
  serializedVersion: 5
  m_Component:
  - component: {fileID: 4192667368326808}
  m_Layer: 0
  m_Name: baked
  m_TagString: Untagged
  m_Icon: {fileID: 0}
  m_NavMeshLayer: 0
  m_StaticEditorFlags: 0
  m_IsActive: 1
--- !u!1 &1270799206094228
GameObject:
  m_ObjectHideFlags: 0
  m_PrefabParentObject: {fileID: 0}
  m_PrefabInternal: {fileID: 100100000}
  serializedVersion: 5
  m_Component:
  - component: {fileID: 4708691010303428}
  - component: {fileID: 215146075312739448}
  m_Layer: 0
  m_Name: Reflection Probe
  m_TagString: Untagged
  m_Icon: {fileID: 0}
  m_NavMeshLayer: 0
  m_StaticEditorFlags: 0
  m_IsActive: 1
--- !u!1 &1342463074206438
GameObject:
  m_ObjectHideFlags: 1
  m_PrefabParentObject: {fileID: 0}
  m_PrefabInternal: {fileID: 100100000}
  serializedVersion: 5
  m_Component:
  - component: {fileID: 4261022725675584}
  - component: {fileID: 108970443197516868}
  m_Layer: 0
  m_Name: chandelier (6)
  m_TagString: Untagged
  m_Icon: {fileID: 0}
  m_NavMeshLayer: 0
  m_StaticEditorFlags: 0
  m_IsActive: 1
--- !u!1 &1403144014154116
GameObject:
  m_ObjectHideFlags: 0
  m_PrefabParentObject: {fileID: 0}
  m_PrefabInternal: {fileID: 100100000}
  serializedVersion: 5
  m_Component:
  - component: {fileID: 4266212229895630}
  - component: {fileID: 95924763549239912}
  m_Layer: 0
  m_Name: fireani
  m_TagString: Untagged
  m_Icon: {fileID: 0}
  m_NavMeshLayer: 0
  m_StaticEditorFlags: 0
  m_IsActive: 1
--- !u!1 &1451038581870184
GameObject:
  m_ObjectHideFlags: 0
  m_PrefabParentObject: {fileID: 0}
  m_PrefabInternal: {fileID: 100100000}
  serializedVersion: 5
  m_Component:
  - component: {fileID: 4116854870864524}
  - component: {fileID: 108931859429470668}
  m_Layer: 0
  m_Name: Spotlight
  m_TagString: Untagged
  m_Icon: {fileID: 0}
  m_NavMeshLayer: 0
  m_StaticEditorFlags: 0
  m_IsActive: 0
--- !u!1 &1470109680773064
GameObject:
  m_ObjectHideFlags: 0
  m_PrefabParentObject: {fileID: 0}
  m_PrefabInternal: {fileID: 100100000}
  serializedVersion: 5
  m_Component:
  - component: {fileID: 4894593294844316}
  - component: {fileID: 108812460807482406}
  m_Layer: 0
  m_Name: chandelier (2)
  m_TagString: Untagged
  m_Icon: {fileID: 0}
  m_NavMeshLayer: 0
  m_StaticEditorFlags: 0
  m_IsActive: 0
--- !u!1 &1479273069914032
GameObject:
  m_ObjectHideFlags: 0
  m_PrefabParentObject: {fileID: 0}
  m_PrefabInternal: {fileID: 100100000}
  serializedVersion: 5
  m_Component:
  - component: {fileID: 4655083702036528}
  - component: {fileID: 215802168749917166}
  m_Layer: 0
  m_Name: Reflection Probe (1)
  m_TagString: Untagged
  m_Icon: {fileID: 0}
  m_NavMeshLayer: 0
  m_StaticEditorFlags: 0
  m_IsActive: 1
--- !u!1 &1503920765715122
GameObject:
  m_ObjectHideFlags: 0
  m_PrefabParentObject: {fileID: 0}
  m_PrefabInternal: {fileID: 100100000}
  serializedVersion: 5
  m_Component:
  - component: {fileID: 4727780903663514}
  - component: {fileID: 220683066285544154}
  m_Layer: 0
  m_Name: Light Probe Group
  m_TagString: Untagged
  m_Icon: {fileID: 0}
  m_NavMeshLayer: 0
  m_StaticEditorFlags: 4294967295
  m_IsActive: 0
--- !u!1 &1505578532134404
GameObject:
  m_ObjectHideFlags: 0
  m_PrefabParentObject: {fileID: 0}
  m_PrefabInternal: {fileID: 100100000}
  serializedVersion: 5
  m_Component:
  - component: {fileID: 4577815688681350}
  - component: {fileID: 108935082592282566}
  m_Layer: 0
  m_Name: chandelier (5)
  m_TagString: Untagged
  m_Icon: {fileID: 0}
  m_NavMeshLayer: 0
  m_StaticEditorFlags: 0
  m_IsActive: 0
--- !u!1 &1619876172578868
GameObject:
  m_ObjectHideFlags: 0
  m_PrefabParentObject: {fileID: 0}
  m_PrefabInternal: {fileID: 100100000}
  serializedVersion: 5
  m_Component:
  - component: {fileID: 4968798841129014}
  - component: {fileID: 108318561071196136}
  m_Layer: 8
  m_Name: fill
  m_TagString: Untagged
  m_Icon: {fileID: 0}
  m_NavMeshLayer: 0
  m_StaticEditorFlags: 0
  m_IsActive: 1
--- !u!1 &1644399341817264
GameObject:
  m_ObjectHideFlags: 0
  m_PrefabParentObject: {fileID: 0}
  m_PrefabInternal: {fileID: 100100000}
  serializedVersion: 5
  m_Component:
  - component: {fileID: 4668228825058878}
  - component: {fileID: 108681216135686126}
  m_Layer: 0
  m_Name: main
  m_TagString: Untagged
  m_Icon: {fileID: 0}
  m_NavMeshLayer: 0
  m_StaticEditorFlags: 0
  m_IsActive: 1
--- !u!1 &1669855011240828
GameObject:
  m_ObjectHideFlags: 0
  m_PrefabParentObject: {fileID: 0}
  m_PrefabInternal: {fileID: 100100000}
  serializedVersion: 5
  m_Component:
  - component: {fileID: 4670454642698722}
  - component: {fileID: 108792402782177248}
  m_Layer: 0
  m_Name: windowcookie
  m_TagString: Untagged
  m_Icon: {fileID: 0}
  m_NavMeshLayer: 0
  m_StaticEditorFlags: 0
  m_IsActive: 1
--- !u!1 &1770762390713890
GameObject:
  m_ObjectHideFlags: 1
  m_PrefabParentObject: {fileID: 0}
  m_PrefabInternal: {fileID: 100100000}
  serializedVersion: 5
  m_Component:
  - component: {fileID: 4931248233175978}
  - component: {fileID: 108604007009737284}
  m_Layer: 0
  m_Name: Point light
  m_TagString: Untagged
  m_Icon: {fileID: 0}
  m_NavMeshLayer: 0
  m_StaticEditorFlags: 0
  m_IsActive: 1
--- !u!1 &1775459671036800
GameObject:
  m_ObjectHideFlags: 1
  m_PrefabParentObject: {fileID: 0}
  m_PrefabInternal: {fileID: 100100000}
  serializedVersion: 5
  m_Component:
  - component: {fileID: 4895922611187144}
  - component: {fileID: 108679534253993126}
  m_Layer: 0
  m_Name: chandelier (4)
  m_TagString: Untagged
  m_Icon: {fileID: 0}
  m_NavMeshLayer: 0
  m_StaticEditorFlags: 0
  m_IsActive: 1
--- !u!1 &1814491717849436
GameObject:
  m_ObjectHideFlags: 1
  m_PrefabParentObject: {fileID: 0}
  m_PrefabInternal: {fileID: 100100000}
  serializedVersion: 5
  m_Component:
  - component: {fileID: 4326731644486474}
  - component: {fileID: 108665758721762950}
  m_Layer: 0
  m_Name: Area Light
  m_TagString: Untagged
  m_Icon: {fileID: 0}
  m_NavMeshLayer: 0
  m_StaticEditorFlags: 0
  m_IsActive: 1
--- !u!1 &1846718207413426
GameObject:
  m_ObjectHideFlags: 0
  m_PrefabParentObject: {fileID: 0}
  m_PrefabInternal: {fileID: 100100000}
  serializedVersion: 5
  m_Component:
  - component: {fileID: 4332217895123216}
  m_Layer: 0
  m_Name: Light
  m_TagString: Untagged
  m_Icon: {fileID: 0}
  m_NavMeshLayer: 0
  m_StaticEditorFlags: 0
  m_IsActive: 1
--- !u!1 &1930310027886718
GameObject:
  m_ObjectHideFlags: 0
  m_PrefabParentObject: {fileID: 0}
  m_PrefabInternal: {fileID: 100100000}
  serializedVersion: 5
  m_Component:
  - component: {fileID: 4467648439577332}
  - component: {fileID: 215640682986257586}
  m_Layer: 0
  m_Name: Reflection Probe (4)
  m_TagString: Untagged
  m_Icon: {fileID: 0}
  m_NavMeshLayer: 0
  m_StaticEditorFlags: 0
  m_IsActive: 1
--- !u!1 &1948528408459766
GameObject:
  m_ObjectHideFlags: 0
  m_PrefabParentObject: {fileID: 0}
  m_PrefabInternal: {fileID: 100100000}
  serializedVersion: 5
  m_Component:
  - component: {fileID: 4388302720485672}
  - component: {fileID: 108476953045506498}
  - component: {fileID: 114490271858875404}
  m_Layer: 0
  m_Name: volumeSpotlight
  m_TagString: Untagged
  m_Icon: {fileID: 0}
  m_NavMeshLayer: 0
  m_StaticEditorFlags: 0
  m_IsActive: 1
--- !u!4 &4033407100610228
Transform:
  m_ObjectHideFlags: 1
  m_PrefabParentObject: {fileID: 0}
  m_PrefabInternal: {fileID: 100100000}
  m_GameObject: {fileID: 1029734171222458}
  m_LocalRotation: {x: -0, y: -0, z: -0, w: 1}
  m_LocalPosition: {x: -3.01, y: -0.9100001, z: -0.61543983}
  m_LocalScale: {x: 1, y: 1, z: 0.7909143}
  m_Children: []
  m_Father: {fileID: 4332217895123216}
  m_RootOrder: 4
  m_LocalEulerAnglesHint: {x: 0, y: 0, z: 0}
--- !u!4 &4073373872673456
Transform:
  m_ObjectHideFlags: 1
  m_PrefabParentObject: {fileID: 0}
  m_PrefabInternal: {fileID: 100100000}
  m_GameObject: {fileID: 1186670607072938}
  m_LocalRotation: {x: -0, y: -0, z: -0, w: 1}
  m_LocalPosition: {x: -2.3599997, y: -0.9100001, z: -4.5146}
  m_LocalScale: {x: 1, y: 1, z: 0.7909143}
  m_Children: []
  m_Father: {fileID: 4332217895123216}
  m_RootOrder: 3
  m_LocalEulerAnglesHint: {x: 0, y: 0, z: 0}
--- !u!4 &4116854870864524
Transform:
  m_ObjectHideFlags: 1
  m_PrefabParentObject: {fileID: 0}
  m_PrefabInternal: {fileID: 100100000}
  m_GameObject: {fileID: 1451038581870184}
  m_LocalRotation: {x: 0.060314715, y: -0.041823093, z: 0.0135555435, w: 0.99721074}
  m_LocalPosition: {x: 0, y: 0.60000014, z: -3.17}
  m_LocalScale: {x: 1, y: 1, z: 1}
  m_Children: []
  m_Father: {fileID: 4332217895123216}
  m_RootOrder: 14
  m_LocalEulerAnglesHint: {x: 6.9740005, y: -4.7260003, z: 1.269}
--- !u!4 &4157167222146644
Transform:
  m_ObjectHideFlags: 1
  m_PrefabParentObject: {fileID: 0}
  m_PrefabInternal: {fileID: 100100000}
  m_GameObject: {fileID: 1100350403605470}
  m_LocalRotation: {x: -0.5012564, y: 0.037863817, z: -0.065114684, w: 0.86201423}
  m_LocalPosition: {x: -3.711, y: 4.6180005, z: -0.7859998}
  m_LocalScale: {x: 1, y: 1, z: 1}
  m_Children: []
  m_Father: {fileID: 4192667368326808}
  m_RootOrder: 5
  m_LocalEulerAnglesHint: {x: 29.645, y: 8.64, z: 0}
--- !u!4 &4192667368326808
Transform:
  m_ObjectHideFlags: 1
  m_PrefabParentObject: {fileID: 0}
  m_PrefabInternal: {fileID: 100100000}
  m_GameObject: {fileID: 1269034679435212}
  m_LocalRotation: {x: 0.7071068, y: -0, z: -0, w: 0.7071068}
  m_LocalPosition: {x: 4.86, y: -1.6399994, z: -3.22}
  m_LocalScale: {x: 1, y: 1, z: 1}
  m_Children:
  - {fileID: 4257288052954178}
  - {fileID: 4895922611187144}
  - {fileID: 4261022725675584}
  - {fileID: 4252420023593538}
  - {fileID: 4790022072968152}
  - {fileID: 4157167222146644}
  - {fileID: 4500953988779454}
  - {fileID: 4326731644486474}
  - {fileID: 4931248233175978}
  m_Father: {fileID: 4332217895123216}
  m_RootOrder: 6
  m_LocalEulerAnglesHint: {x: 0, y: 0, z: 0}
--- !u!4 &4252420023593538
Transform:
  m_ObjectHideFlags: 1
  m_PrefabParentObject: {fileID: 0}
  m_PrefabInternal: {fileID: 100100000}
  m_GameObject: {fileID: 1099849749169568}
  m_LocalRotation: {x: -0, y: -0, z: -0, w: 1}
  m_LocalPosition: {x: -5.82, y: 5.2300005, z: 0.29000044}
  m_LocalScale: {x: 1, y: 1, z: 1}
  m_Children: []
  m_Father: {fileID: 4192667368326808}
  m_RootOrder: 3
  m_LocalEulerAnglesHint: {x: 90, y: 0, z: 0}
--- !u!4 &4257288052954178
Transform:
  m_ObjectHideFlags: 1
  m_PrefabParentObject: {fileID: 0}
  m_PrefabInternal: {fileID: 100100000}
  m_GameObject: {fileID: 1249160570061604}
  m_LocalRotation: {x: -0.7071068, y: -0, z: -0, w: 0.7071068}
  m_LocalPosition: {x: -1.8982792, y: 3.2099988, z: -0.52}
  m_LocalScale: {x: 1, y: 1, z: 1}
  m_Children: []
  m_Father: {fileID: 4192667368326808}
  m_RootOrder: 0
  m_LocalEulerAnglesHint: {x: 0, y: 0, z: 0}
--- !u!4 &4261022725675584
Transform:
  m_ObjectHideFlags: 1
  m_PrefabParentObject: {fileID: 0}
  m_PrefabInternal: {fileID: 100100000}
  m_GameObject: {fileID: 1342463074206438}
  m_LocalRotation: {x: -0, y: -0, z: -0, w: 1}
  m_LocalPosition: {x: -1.97, y: 0.6800001, z: -0.036999762}
  m_LocalScale: {x: 1, y: 1, z: 1}
  m_Children: []
  m_Father: {fileID: 4192667368326808}
  m_RootOrder: 2
  m_LocalEulerAnglesHint: {x: 90, y: 0, z: 0}
--- !u!4 &4266212229895630
Transform:
  m_ObjectHideFlags: 1
  m_PrefabParentObject: {fileID: 0}
  m_PrefabInternal: {fileID: 100100000}
  m_GameObject: {fileID: 1403144014154116}
  m_LocalRotation: {x: -0, y: -0, z: -0, w: 1}
  m_LocalPosition: {x: 1.6247212, y: -2.203, z: -5.937}
  m_LocalScale: {x: 1, y: 1, z: 1}
  m_Children:
  - {fileID: 4748689083220654}
  - {fileID: 4455069252774774}
  m_Father: {fileID: 4332217895123216}
  m_RootOrder: 7
  m_LocalEulerAnglesHint: {x: 0, y: 0, z: 0}
--- !u!4 &4326731644486474
Transform:
  m_ObjectHideFlags: 1
  m_PrefabParentObject: {fileID: 0}
  m_PrefabInternal: {fileID: 100100000}
  m_GameObject: {fileID: 1814491717849436}
  m_LocalRotation: {x: -0.27197316, y: 0.07253087, z: -0.12411375, w: 0.95150703}
  m_LocalPosition: {x: -0.77, y: 5.32, z: -0.91623545}
  m_LocalScale: {x: 1, y: 1, z: 1}
  m_Children: []
  m_Father: {fileID: 4192667368326808}
  m_RootOrder: 7
  m_LocalEulerAnglesHint: {x: 122.69699, y: -157.636, z: -172.499}
--- !u!4 &4332217895123216
Transform:
  m_ObjectHideFlags: 1
  m_PrefabParentObject: {fileID: 0}
  m_PrefabInternal: {fileID: 100100000}
  m_GameObject: {fileID: 1846718207413426}
  m_LocalRotation: {x: 0, y: 0, z: 0, w: 1}
  m_LocalPosition: {x: -1.6037211, y: 12.7, z: 0.07}
  m_LocalScale: {x: 1, y: 1, z: 1}
  m_Children:
  - {fileID: 4727780903663514}
  - {fileID: 4708691010303428}
  - {fileID: 4655083702036528}
  - {fileID: 4073373872673456}
  - {fileID: 4033407100610228}
  - {fileID: 4467648439577332}
  - {fileID: 4192667368326808}
  - {fileID: 4266212229895630}
  - {fileID: 4577815688681350}
  - {fileID: 4894593294844316}
  - {fileID: 4670454642698722}
  - {fileID: 4668228825058878}
  - {fileID: 4968798841129014}
  - {fileID: 4388302720485672}
  - {fileID: 4116854870864524}
  m_Father: {fileID: 0}
  m_RootOrder: 0
  m_LocalEulerAnglesHint: {x: 0, y: 0, z: 0}
--- !u!4 &4388302720485672
Transform:
  m_ObjectHideFlags: 1
  m_PrefabParentObject: {fileID: 0}
  m_PrefabInternal: {fileID: 100100000}
  m_GameObject: {fileID: 1948528408459766}
  m_LocalRotation: {x: 0.55082774, y: 0.51493174, z: 0.42533118, w: 0.5005274}
  m_LocalPosition: {x: -20.13, y: 1.66, z: 1.35}
  m_LocalScale: {x: 1, y: 1, z: 1}
  m_Children: []
  m_Father: {fileID: 4332217895123216}
  m_RootOrder: 13
  m_LocalEulerAnglesHint: {x: 173.49, y: -82.066986, z: -91.80899}
--- !u!4 &4455069252774774
Transform:
  m_ObjectHideFlags: 1
  m_PrefabParentObject: {fileID: 0}
  m_PrefabInternal: {fileID: 100100000}
  m_GameObject: {fileID: 1229443393898860}
  m_LocalRotation: {x: -0.032285098, y: -0, z: -0, w: 0.9994787}
  m_LocalPosition: {x: 0, y: 0.04323578, z: -0.5710001}
  m_LocalScale: {x: 1, y: 1, z: 1}
  m_Children: []
  m_Father: {fileID: 4266212229895630}
  m_RootOrder: 1
  m_LocalEulerAnglesHint: {x: -3.7000003, y: 0, z: 0}
--- !u!4 &4467648439577332
Transform:
  m_ObjectHideFlags: 1
  m_PrefabParentObject: {fileID: 0}
  m_PrefabInternal: {fileID: 100100000}
  m_GameObject: {fileID: 1930310027886718}
  m_LocalRotation: {x: -0, y: -0, z: -0, w: 1}
  m_LocalPosition: {x: -2.36, y: -0.9100001, z: 3.26}
  m_LocalScale: {x: 1, y: 1, z: 0.7909143}
  m_Children: []
  m_Father: {fileID: 4332217895123216}
  m_RootOrder: 5
  m_LocalEulerAnglesHint: {x: 0, y: 0, z: 0}
--- !u!4 &4500953988779454
Transform:
  m_ObjectHideFlags: 1
  m_PrefabParentObject: {fileID: 0}
  m_PrefabInternal: {fileID: 100100000}
  m_GameObject: {fileID: 1136481138497520}
  m_LocalRotation: {x: -0.009008377, y: 0.13170168, z: -0.13990554, w: 0.9813256}
  m_LocalPosition: {x: -1.0800002, y: 2.9, z: -1.4299998}
  m_LocalScale: {x: 1, y: 1, z: 1}
  m_Children: []
  m_Father: {fileID: 4192667368326808}
  m_RootOrder: 6
  m_LocalEulerAnglesHint: {x: 105.17099, y: -85.79901, z: -102.02698}
--- !u!4 &4577815688681350
Transform:
  m_ObjectHideFlags: 1
  m_PrefabParentObject: {fileID: 0}
  m_PrefabInternal: {fileID: 100100000}
  m_GameObject: {fileID: 1505578532134404}
  m_LocalRotation: {x: 0.7071068, y: -0, z: -0, w: 0.7071068}
  m_LocalPosition: {x: 5.13, y: -1.112, z: 1.51}
  m_LocalScale: {x: 1, y: 1, z: 1}
  m_Children: []
  m_Father: {fileID: 4332217895123216}
  m_RootOrder: 8
  m_LocalEulerAnglesHint: {x: 90, y: 0, z: 0}
--- !u!4 &4655083702036528
Transform:
  m_ObjectHideFlags: 1
  m_PrefabParentObject: {fileID: 0}
  m_PrefabInternal: {fileID: 100100000}
  m_GameObject: {fileID: 1479273069914032}
  m_LocalRotation: {x: -0, y: -0, z: -0, w: 1}
  m_LocalPosition: {x: 4.25, y: -0.9100001, z: 1.77}
  m_LocalScale: {x: 1, y: 1, z: 1}
  m_Children: []
  m_Father: {fileID: 4332217895123216}
  m_RootOrder: 2
  m_LocalEulerAnglesHint: {x: 0, y: 0, z: 0}
--- !u!4 &4668228825058878
Transform:
  m_ObjectHideFlags: 1
  m_PrefabParentObject: {fileID: 0}
  m_PrefabInternal: {fileID: 100100000}
  m_GameObject: {fileID: 1644399341817264}
  m_LocalRotation: {x: 0.13038866, y: 0.8595001, z: -0.26818466, w: 0.415133}
  m_LocalPosition: {x: -8.199999, y: 1.1200001, z: 1.1100001}
  m_LocalScale: {x: 1.0000005, y: 1, z: 1.0000005}
  m_Children: []
  m_Father: {fileID: 4332217895123216}
  m_RootOrder: 11
  m_LocalEulerAnglesHint: {x: 34.699, y: 128.472, z: 0.10300001}
--- !u!4 &4670454642698722
Transform:
  m_ObjectHideFlags: 1
  m_PrefabParentObject: {fileID: 0}
  m_PrefabInternal: {fileID: 100100000}
  m_GameObject: {fileID: 1669855011240828}
  m_LocalRotation: {x: -0.34516236, y: -0.6832495, z: 0.44395852, w: -0.46576172}
  m_LocalPosition: {x: -3.39, y: 3.3399992, z: -0.56}
  m_LocalScale: {x: 1.0000002, y: 1, z: 1.0000002}
  m_Children: []
  m_Father: {fileID: 4332217895123216}
  m_RootOrder: 10
  m_LocalEulerAnglesHint: {x: 111.845, y: -62.479004, z: 188.984}
--- !u!4 &4708691010303428
Transform:
  m_ObjectHideFlags: 1
  m_PrefabParentObject: {fileID: 0}
  m_PrefabInternal: {fileID: 100100000}
  m_GameObject: {fileID: 1270799206094228}
  m_LocalRotation: {x: 0, y: 0, z: 0, w: 1}
  m_LocalPosition: {x: 4.25, y: -0.91, z: -3.16}
  m_LocalScale: {x: 1, y: 1, z: 1}
  m_Children: []
  m_Father: {fileID: 4332217895123216}
  m_RootOrder: 1
  m_LocalEulerAnglesHint: {x: 0, y: 0, z: 0}
--- !u!4 &4727780903663514
Transform:
  m_ObjectHideFlags: 1
  m_PrefabParentObject: {fileID: 0}
  m_PrefabInternal: {fileID: 100100000}
  m_GameObject: {fileID: 1503920765715122}
  m_LocalRotation: {x: -0, y: -0, z: -0, w: 1}
  m_LocalPosition: {x: 6.76, y: -1.5837643, z: -3.21}
  m_LocalScale: {x: 1.1115124, y: 1, z: 1.2170519}
  m_Children: []
  m_Father: {fileID: 4332217895123216}
  m_RootOrder: 0
  m_LocalEulerAnglesHint: {x: 0, y: 0, z: 0}
--- !u!4 &4748689083220654
Transform:
  m_ObjectHideFlags: 1
  m_PrefabParentObject: {fileID: 0}
  m_PrefabInternal: {fileID: 100100000}
  m_GameObject: {fileID: 1144196409043618}
  m_LocalRotation: {x: -0, y: -0, z: -0, w: 1}
  m_LocalPosition: {x: 0, y: 0, z: 0}
  m_LocalScale: {x: 1, y: 1, z: 1}
  m_Children: []
  m_Father: {fileID: 4266212229895630}
  m_RootOrder: 0
  m_LocalEulerAnglesHint: {x: 0, y: 0, z: 0}
--- !u!4 &4790022072968152
Transform:
  m_ObjectHideFlags: 1
  m_PrefabParentObject: {fileID: 0}
  m_PrefabInternal: {fileID: 100100000}
  m_GameObject: {fileID: 1050781259355316}
  m_LocalRotation: {x: -0, y: -0, z: -0, w: 1}
  m_LocalPosition: {x: -2.9900002, y: 4.8400006, z: -0.37999964}
  m_LocalScale: {x: 1, y: 1, z: 1}
  m_Children: []
  m_Father: {fileID: 4192667368326808}
  m_RootOrder: 4
  m_LocalEulerAnglesHint: {x: 90, y: 0, z: 0}
--- !u!4 &4894593294844316
Transform:
  m_ObjectHideFlags: 1
  m_PrefabParentObject: {fileID: 0}
  m_PrefabInternal: {fileID: 100100000}
  m_GameObject: {fileID: 1470109680773064}
  m_LocalRotation: {x: 0.7071068, y: -0, z: -0, w: 0.7071068}
  m_LocalPosition: {x: -1.69, y: -1.775, z: -3.3}
  m_LocalScale: {x: 1, y: 1, z: 1}
  m_Children: []
  m_Father: {fileID: 4332217895123216}
  m_RootOrder: 9
  m_LocalEulerAnglesHint: {x: 90, y: 0, z: 0}
--- !u!4 &4895922611187144
Transform:
  m_ObjectHideFlags: 1
  m_PrefabParentObject: {fileID: 0}
  m_PrefabInternal: {fileID: 100100000}
  m_GameObject: {fileID: 1775459671036800}
  m_LocalRotation: {x: -0, y: -0, z: -0, w: 1}
  m_LocalPosition: {x: 0, y: 0, z: 0}
  m_LocalScale: {x: 1, y: 1, z: 1}
  m_Children: []
  m_Father: {fileID: 4192667368326808}
  m_RootOrder: 1
  m_LocalEulerAnglesHint: {x: 90, y: 0, z: 0}
--- !u!4 &4931248233175978
Transform:
  m_ObjectHideFlags: 1
  m_PrefabParentObject: {fileID: 0}
  m_PrefabInternal: {fileID: 100100000}
  m_GameObject: {fileID: 1770762390713890}
  m_LocalRotation: {x: -0.21224937, y: 0.4028646, z: -0.46713582, w: 0.75791454}
  m_LocalPosition: {x: -13.805, y: 2.2860003, z: -1.3699992}
  m_LocalScale: {x: 1, y: 1, z: 1}
  m_Children: []
  m_Father: {fileID: 4192667368326808}
  m_RootOrder: 8
  m_LocalEulerAnglesHint: {x: 35.824, y: 93.865005, z: 30.570002}
--- !u!4 &4968798841129014
Transform:
  m_ObjectHideFlags: 1
  m_PrefabParentObject: {fileID: 0}
  m_PrefabInternal: {fileID: 100100000}
  m_GameObject: {fileID: 1619876172578868}
  m_LocalRotation: {x: 0.266817, y: 0.6671194, z: -0.26252687, w: 0.64408094}
  m_LocalPosition: {x: -7.6999993, y: 3.65, z: -0.46}
  m_LocalScale: {x: 1, y: 1, z: 1}
  m_Children: []
  m_Father: {fileID: 4332217895123216}
  m_RootOrder: 12
  m_LocalEulerAnglesHint: {x: 43.946003, y: 92.58501, z: 1.4180001}
--- !u!95 &95924763549239912
Animator:
  serializedVersion: 3
  m_ObjectHideFlags: 1
  m_PrefabParentObject: {fileID: 0}
  m_PrefabInternal: {fileID: 100100000}
  m_GameObject: {fileID: 1403144014154116}
  m_Enabled: 1
  m_Avatar: {fileID: 0}
  m_Controller: {fileID: 9100000, guid: 76df579c30b1aab49b7fabb79f8786f8, type: 2}
  m_CullingMode: 0
  m_UpdateMode: 0
  m_ApplyRootMotion: 0
  m_LinearVelocityBlending: 0
  m_WarningMessage: 
  m_HasTransformHierarchy: 1
  m_AllowConstantClipSamplingOptimization: 1
--- !u!108 &108049271032237086
Light:
  m_ObjectHideFlags: 1
  m_PrefabParentObject: {fileID: 0}
  m_PrefabInternal: {fileID: 100100000}
  m_GameObject: {fileID: 1249160570061604}
  m_Enabled: 1
  serializedVersion: 8
  m_Type: 2
  m_Color: {r: 1, g: 0.81105477, b: 0.4044118, a: 1}
  m_Intensity: 2.14
  m_Range: 4.62
  m_SpotAngle: 30
  m_CookieSize: 10
  m_Shadows:
    m_Type: 0
    m_Resolution: -1
    m_CustomResolution: -1
    m_Strength: 1
    m_Bias: 0.05
    m_NormalBias: 0.4
    m_NearPlane: 0.2
  m_Cookie: {fileID: 0}
  m_DrawHalo: 0
  m_Flare: {fileID: 0}
  m_RenderMode: 0
  m_CullingMask:
    serializedVersion: 2
    m_Bits: 4294967039
  m_Lightmapping: 2
  m_AreaSize: {x: 1, y: 1}
  m_BounceIntensity: 1
  m_ColorTemperature: 6570
  m_UseColorTemperature: 0
  m_ShadowRadius: 0
  m_ShadowAngle: 0
--- !u!108 &108062921655288848
Light:
  m_ObjectHideFlags: 1
  m_PrefabParentObject: {fileID: 0}
  m_PrefabInternal: {fileID: 100100000}
  m_GameObject: {fileID: 1099849749169568}
  m_Enabled: 1
  serializedVersion: 8
  m_Type: 2
  m_Color: {r: 0.62352943, g: 0.50980395, b: 0.56078434, a: 1}
  m_Intensity: 1.4
  m_Range: 4.73
  m_SpotAngle: 158
  m_CookieSize: 10
  m_Shadows:
    m_Type: 0
    m_Resolution: -1
    m_CustomResolution: -1
    m_Strength: 0.05
    m_Bias: 0.05
    m_NormalBias: 0.4
    m_NearPlane: 0.2
  m_Cookie: {fileID: 0}
  m_DrawHalo: 0
  m_Flare: {fileID: 0}
  m_RenderMode: 0
  m_CullingMask:
    serializedVersion: 2
    m_Bits: 1610596351
  m_Lightmapping: 2
  m_AreaSize: {x: 1, y: 1}
  m_BounceIntensity: 1
  m_ColorTemperature: 6570
  m_UseColorTemperature: 0
  m_ShadowRadius: 0
  m_ShadowAngle: 0
--- !u!108 &108181275657760004
Light:
  m_ObjectHideFlags: 1
  m_PrefabParentObject: {fileID: 0}
  m_PrefabInternal: {fileID: 100100000}
  m_GameObject: {fileID: 1229443393898860}
  m_Enabled: 1
  serializedVersion: 8
  m_Type: 0
  m_Color: {r: 0.99264705, g: 0.57182914, b: 0.29925388, a: 1}
  m_Intensity: 2.75
  m_Range: 7.42
  m_SpotAngle: 47
  m_CookieSize: 10
  m_Shadows:
    m_Type: 2
    m_Resolution: -1
    m_CustomResolution: -1
    m_Strength: 1
    m_Bias: 0.05
    m_NormalBias: 0.4
    m_NearPlane: 0.2
  m_Cookie: {fileID: 0}
  m_DrawHalo: 0
  m_Flare: {fileID: 0}
  m_RenderMode: 0
  m_CullingMask:
    serializedVersion: 2
    m_Bits: 9216
  m_Lightmapping: 2
  m_AreaSize: {x: 1, y: 1}
  m_BounceIntensity: 3.26
  m_ColorTemperature: 6570
  m_UseColorTemperature: 0
  m_ShadowRadius: 0
  m_ShadowAngle: 0
--- !u!108 &108318561071196136
Light:
  m_ObjectHideFlags: 1
  m_PrefabParentObject: {fileID: 0}
  m_PrefabInternal: {fileID: 100100000}
  m_GameObject: {fileID: 1619876172578868}
  m_Enabled: 1
  serializedVersion: 8
  m_Type: 0
  m_Color: {r: 1, g: 0.6377282, b: 0.44117647, a: 1}
  m_Intensity: 1.68
  m_Range: 23.4
  m_SpotAngle: 68.5
  m_CookieSize: 10
  m_Shadows:
    m_Type: 0
    m_Resolution: -1
    m_CustomResolution: -1
    m_Strength: 0.878
    m_Bias: 0.05
    m_NormalBias: 0.4
    m_NearPlane: 0.2
  m_Cookie: {fileID: 0}
  m_DrawHalo: 0
  m_Flare: {fileID: 0}
  m_RenderMode: 1
  m_CullingMask:
    serializedVersion: 2
    m_Bits: 7681
  m_Lightmapping: 2
  m_AreaSize: {x: 1, y: 1}
  m_BounceIntensity: 2.5
  m_ColorTemperature: 6570
  m_UseColorTemperature: 0
  m_ShadowRadius: 0
  m_ShadowAngle: 0
--- !u!108 &108476953045506498
Light:
  m_ObjectHideFlags: 1
  m_PrefabParentObject: {fileID: 0}
  m_PrefabInternal: {fileID: 100100000}
  m_GameObject: {fileID: 1948528408459766}
  m_Enabled: 1
  serializedVersion: 8
  m_Type: 0
  m_Color: {r: 0.97794116, g: 0.54306203, b: 0.028763002, a: 1}
  m_Intensity: 2.14
  m_Range: 38.57
  m_SpotAngle: 59
  m_CookieSize: 10
  m_Shadows:
    m_Type: 2
    m_Resolution: -1
    m_CustomResolution: -1
    m_Strength: 0.86
    m_Bias: 0
    m_NormalBias: 0.4
    m_NearPlane: 0.2
  m_Cookie: {fileID: 0}
  m_DrawHalo: 0
  m_Flare: {fileID: 0}
  m_RenderMode: 0
  m_CullingMask:
    serializedVersion: 2
    m_Bits: 1610594047
  m_Lightmapping: 4
  m_AreaSize: {x: 1, y: 1}
  m_BounceIntensity: 1.87
  m_ColorTemperature: 6570
  m_UseColorTemperature: 0
  m_ShadowRadius: 0
  m_ShadowAngle: 0
--- !u!108 &108563920584498516
Light:
  m_ObjectHideFlags: 1
  m_PrefabParentObject: {fileID: 0}
  m_PrefabInternal: {fileID: 100100000}
  m_GameObject: {fileID: 1144196409043618}
  m_Enabled: 1
  serializedVersion: 8
  m_Type: 2
  m_Color: {r: 0.85294116, g: 0.378, b: 0.163, a: 1}
  m_Intensity: 8.1
  m_Range: 1.75
  m_SpotAngle: 30
  m_CookieSize: 10
  m_Shadows:
    m_Type: 0
    m_Resolution: -1
    m_CustomResolution: -1
    m_Strength: 1
    m_Bias: 0.05
    m_NormalBias: 0.4
    m_NearPlane: 0.2
  m_Cookie: {fileID: 0}
  m_DrawHalo: 0
  m_Flare: {fileID: 0}
  m_RenderMode: 0
  m_CullingMask:
    serializedVersion: 2
    m_Bits: 5120
  m_Lightmapping: 4
  m_AreaSize: {x: 1, y: 1}
  m_BounceIntensity: 1
  m_ColorTemperature: 6570
  m_UseColorTemperature: 0
  m_ShadowRadius: 0
  m_ShadowAngle: 0
--- !u!108 &108604007009737284
Light:
  m_ObjectHideFlags: 1
  m_PrefabParentObject: {fileID: 0}
  m_PrefabInternal: {fileID: 100100000}
  m_GameObject: {fileID: 1770762390713890}
  m_Enabled: 1
  serializedVersion: 8
  m_Type: 0
  m_Color: {r: 1, g: 0.71784985, b: 0.21323532, a: 1}
  m_Intensity: 20.2
  m_Range: 4.4
  m_SpotAngle: 98
  m_CookieSize: 10
  m_Shadows:
    m_Type: 2
    m_Resolution: -1
    m_CustomResolution: -1
    m_Strength: 1
    m_Bias: 0.05
    m_NormalBias: 0.4
    m_NearPlane: 0.2
  m_Cookie: {fileID: 0}
  m_DrawHalo: 0
  m_Flare: {fileID: 0}
  m_RenderMode: 0
  m_CullingMask:
    serializedVersion: 2
    m_Bits: 8192
  m_Lightmapping: 2
  m_AreaSize: {x: 1, y: 1}
  m_BounceIntensity: 0.5
  m_ColorTemperature: 6570
  m_UseColorTemperature: 0
  m_ShadowRadius: 0
  m_ShadowAngle: 0
--- !u!108 &108665758721762950
Light:
  m_ObjectHideFlags: 1
  m_PrefabParentObject: {fileID: 0}
  m_PrefabInternal: {fileID: 100100000}
  m_GameObject: {fileID: 1814491717849436}
  m_Enabled: 1
  serializedVersion: 8
  m_Type: 3
  m_Color: {r: 0.77205884, g: 0.5601734, b: 0.39738324, a: 1}
  m_Intensity: 1.5
  m_Range: 10
  m_SpotAngle: 30
  m_CookieSize: 10
  m_Shadows:
    m_Type: 0
    m_Resolution: -1
    m_CustomResolution: -1
    m_Strength: 1
    m_Bias: 0.05
    m_NormalBias: 0.4
    m_NearPlane: 0.2
  m_Cookie: {fileID: 0}
  m_DrawHalo: 0
  m_Flare: {fileID: 0}
  m_RenderMode: 0
  m_CullingMask:
    serializedVersion: 2
    m_Bits: 1610596351
  m_Lightmapping: 2
  m_AreaSize: {x: 4.31, y: 3.6}
  m_BounceIntensity: 1
  m_ColorTemperature: 6570
  m_UseColorTemperature: 0
  m_ShadowRadius: 0
  m_ShadowAngle: 0
--- !u!108 &108668301079199210
Light:
  m_ObjectHideFlags: 1
  m_PrefabParentObject: {fileID: 0}
  m_PrefabInternal: {fileID: 100100000}
  m_GameObject: {fileID: 1136481138497520}
  m_Enabled: 1
  serializedVersion: 8
  m_Type: 3
  m_Color: {r: 0.77205884, g: 0.5601734, b: 0.39738324, a: 1}
  m_Intensity: 1.2
  m_Range: 10
  m_SpotAngle: 30
  m_CookieSize: 10
  m_Shadows:
    m_Type: 0
    m_Resolution: -1
    m_CustomResolution: -1
    m_Strength: 1
    m_Bias: 0.05
    m_NormalBias: 0.4
    m_NearPlane: 0.2
  m_Cookie: {fileID: 0}
  m_DrawHalo: 0
  m_Flare: {fileID: 0}
  m_RenderMode: 0
  m_CullingMask:
    serializedVersion: 2
    m_Bits: 1610596351
  m_Lightmapping: 2
  m_AreaSize: {x: 4.31, y: 3.6}
  m_BounceIntensity: 1
  m_ColorTemperature: 6570
  m_UseColorTemperature: 0
  m_ShadowRadius: 0
  m_ShadowAngle: 0
--- !u!108 &108671283711224640
Light:
  m_ObjectHideFlags: 1
  m_PrefabParentObject: {fileID: 0}
  m_PrefabInternal: {fileID: 100100000}
  m_GameObject: {fileID: 1100350403605470}
  m_Enabled: 1
  serializedVersion: 8
  m_Type: 3
  m_Color: {r: 0.6100301, g: 0.5923443, b: 0.6102941, a: 1}
  m_Intensity: 0.82
  m_Range: 10
  m_SpotAngle: 30
  m_CookieSize: 10
  m_Shadows:
    m_Type: 0
    m_Resolution: -1
    m_CustomResolution: -1
    m_Strength: 1
    m_Bias: 0.05
    m_NormalBias: 0.4
    m_NearPlane: 0.2
  m_Cookie: {fileID: 0}
  m_DrawHalo: 0
  m_Flare: {fileID: 0}
  m_RenderMode: 0
  m_CullingMask:
    serializedVersion: 2
    m_Bits: 4096
  m_Lightmapping: 2
  m_AreaSize: {x: 7.58, y: 2.02}
  m_BounceIntensity: 1
  m_ColorTemperature: 6570
  m_UseColorTemperature: 0
  m_ShadowRadius: 0
  m_ShadowAngle: 0
--- !u!108 &108679534253993126
Light:
  m_ObjectHideFlags: 1
  m_PrefabParentObject: {fileID: 0}
  m_PrefabInternal: {fileID: 100100000}
  m_GameObject: {fileID: 1775459671036800}
  m_Enabled: 1
  serializedVersion: 8
  m_Type: 2
  m_Color: {r: 0.625, g: 0.5101103, b: 0.5600279, a: 1}
  m_Intensity: 1.54
  m_Range: 4.73
  m_SpotAngle: 158
  m_CookieSize: 10
  m_Shadows:
    m_Type: 0
    m_Resolution: -1
    m_CustomResolution: -1
    m_Strength: 0.05
    m_Bias: 0.05
    m_NormalBias: 0.4
    m_NearPlane: 0.2
  m_Cookie: {fileID: 0}
  m_DrawHalo: 0
  m_Flare: {fileID: 0}
  m_RenderMode: 0
  m_CullingMask:
    serializedVersion: 2
    m_Bits: 1610596351
  m_Lightmapping: 2
  m_AreaSize: {x: 1, y: 1}
  m_BounceIntensity: 1
  m_ColorTemperature: 6570
  m_UseColorTemperature: 0
  m_ShadowRadius: 0
  m_ShadowAngle: 0
--- !u!108 &108681216135686126
Light:
  m_ObjectHideFlags: 1
  m_PrefabParentObject: {fileID: 0}
  m_PrefabInternal: {fileID: 100100000}
  m_GameObject: {fileID: 1644399341817264}
  m_Enabled: 1
  serializedVersion: 8
  m_Type: 0
  m_Color: {r: 0.9705882, g: 0.65244, b: 0.24978374, a: 1}
  m_Intensity: 5.07
  m_Range: 23.4
  m_SpotAngle: 61
  m_CookieSize: 10
  m_Shadows:
    m_Type: 2
    m_Resolution: -1
    m_CustomResolution: -1
    m_Strength: 0.804
    m_Bias: 0.05
    m_NormalBias: 0.4
    m_NearPlane: 0.2
  m_Cookie: {fileID: 0}
  m_DrawHalo: 0
  m_Flare: {fileID: 0}
  m_RenderMode: 1
  m_CullingMask:
    serializedVersion: 2
    m_Bits: 7425
  m_Lightmapping: 1
  m_AreaSize: {x: 1, y: 1}
  m_BounceIntensity: 4.8
  m_ColorTemperature: 6570
  m_UseColorTemperature: 0
  m_ShadowRadius: 0
  m_ShadowAngle: 0
--- !u!108 &108792402782177248
Light:
  m_ObjectHideFlags: 1
  m_PrefabParentObject: {fileID: 0}
  m_PrefabInternal: {fileID: 100100000}
  m_GameObject: {fileID: 1669855011240828}
  m_Enabled: 1
  serializedVersion: 8
  m_Type: 0
  m_Color: {r: 0.8602941, g: 0.62739617, b: 0.37954152, a: 1}
  m_Intensity: 6.01
  m_Range: 32
  m_SpotAngle: 50.7
  m_CookieSize: 10
  m_Shadows:
    m_Type: 2
    m_Resolution: -1
    m_CustomResolution: -1
    m_Strength: 1
    m_Bias: 0
    m_NormalBias: 0.4
    m_NearPlane: 0.2
  m_Cookie: {fileID: 2800000, guid: a469ac7e3c10efc43bba968dce5a1bba, type: 3}
  m_DrawHalo: 0
  m_Flare: {fileID: 0}
  m_RenderMode: 0
  m_CullingMask:
    serializedVersion: 2
    m_Bits: 1610587903
  m_Lightmapping: 1
  m_AreaSize: {x: 1, y: 1}
  m_BounceIntensity: 1.1
  m_ColorTemperature: 6570
  m_UseColorTemperature: 0
  m_ShadowRadius: 0
  m_ShadowAngle: 0
--- !u!108 &108812460807482406
Light:
  m_ObjectHideFlags: 1
  m_PrefabParentObject: {fileID: 0}
  m_PrefabInternal: {fileID: 100100000}
  m_GameObject: {fileID: 1470109680773064}
  m_Enabled: 1
  serializedVersion: 8
  m_Type: 2
  m_Color: {r: 0.62352943, g: 0.50980395, b: 0.56078434, a: 1}
  m_Intensity: 1.2
  m_Range: 4.73
  m_SpotAngle: 158
  m_CookieSize: 10
  m_Shadows:
    m_Type: 0
    m_Resolution: -1
    m_CustomResolution: -1
    m_Strength: 0.05
    m_Bias: 0.05
    m_NormalBias: 0.4
    m_NearPlane: 0.2
  m_Cookie: {fileID: 0}
  m_DrawHalo: 0
  m_Flare: {fileID: 0}
  m_RenderMode: 0
  m_CullingMask:
    serializedVersion: 2
    m_Bits: 4294967295
  m_Lightmapping: 2
  m_AreaSize: {x: 1, y: 1}
  m_BounceIntensity: 1
  m_ColorTemperature: 6570
  m_UseColorTemperature: 0
  m_ShadowRadius: 0
  m_ShadowAngle: 0
--- !u!108 &108931859429470668
Light:
  m_ObjectHideFlags: 1
  m_PrefabParentObject: {fileID: 0}
  m_PrefabInternal: {fileID: 100100000}
  m_GameObject: {fileID: 1451038581870184}
  m_Enabled: 1
  serializedVersion: 8
  m_Type: 0
  m_Color: {r: 0.878684, g: 0.6163495, b: 0.88235295, a: 1}
  m_Intensity: 1.66
  m_Range: 10.3
  m_SpotAngle: 65
  m_CookieSize: 10
  m_Shadows:
    m_Type: 0
    m_Resolution: -1
    m_CustomResolution: -1
    m_Strength: 1
    m_Bias: 0.05
    m_NormalBias: 0.4
    m_NearPlane: 0.2
  m_Cookie: {fileID: 0}
  m_DrawHalo: 0
  m_Flare: {fileID: 0}
  m_RenderMode: 0
  m_CullingMask:
    serializedVersion: 2
    m_Bits: 4096
  m_Lightmapping: 2
  m_AreaSize: {x: 1, y: 1}
  m_BounceIntensity: 3.09
  m_ColorTemperature: 6570
  m_UseColorTemperature: 0
  m_ShadowRadius: 0
  m_ShadowAngle: 0
--- !u!108 &108935082592282566
Light:
  m_ObjectHideFlags: 1
  m_PrefabParentObject: {fileID: 0}
  m_PrefabInternal: {fileID: 100100000}
  m_GameObject: {fileID: 1505578532134404}
  m_Enabled: 1
  serializedVersion: 8
  m_Type: 2
  m_Color: {r: 0.7941176, g: 0.47614843, b: 0.3036332, a: 1}
  m_Intensity: 1.94
  m_Range: 4.27
  m_SpotAngle: 158
  m_CookieSize: 10
  m_Shadows:
    m_Type: 0
    m_Resolution: -1
    m_CustomResolution: -1
    m_Strength: 0.05
    m_Bias: 0.05
    m_NormalBias: 0.4
    m_NearPlane: 0.2
  m_Cookie: {fileID: 0}
  m_DrawHalo: 0
  m_Flare: {fileID: 0}
  m_RenderMode: 0
  m_CullingMask:
    serializedVersion: 2
    m_Bits: 4294967295
  m_Lightmapping: 2
  m_AreaSize: {x: 1, y: 1}
  m_BounceIntensity: 1
  m_ColorTemperature: 6570
  m_UseColorTemperature: 0
  m_ShadowRadius: 0
  m_ShadowAngle: 0
--- !u!108 &108970443197516868
Light:
  m_ObjectHideFlags: 1
  m_PrefabParentObject: {fileID: 0}
  m_PrefabInternal: {fileID: 100100000}
  m_GameObject: {fileID: 1342463074206438}
  m_Enabled: 1
  serializedVersion: 8
  m_Type: 2
  m_Color: {r: 0.625, g: 0.5101103, b: 0.5600279, a: 1}
  m_Intensity: 1.54
  m_Range: 4.39
  m_SpotAngle: 158
  m_CookieSize: 10
  m_Shadows:
    m_Type: 0
    m_Resolution: -1
    m_CustomResolution: -1
    m_Strength: 0.05
    m_Bias: 0.05
    m_NormalBias: 0.4
    m_NearPlane: 0.2
  m_Cookie: {fileID: 0}
  m_DrawHalo: 0
  m_Flare: {fileID: 0}
  m_RenderMode: 0
  m_CullingMask:
    serializedVersion: 2
    m_Bits: 1610596351
  m_Lightmapping: 2
  m_AreaSize: {x: 1, y: 1}
  m_BounceIntensity: 1
  m_ColorTemperature: 6570
  m_UseColorTemperature: 0
  m_ShadowRadius: 0
  m_ShadowAngle: 0
--- !u!108 &108982839434575806
Light:
  m_ObjectHideFlags: 1
  m_PrefabParentObject: {fileID: 0}
  m_PrefabInternal: {fileID: 100100000}
  m_GameObject: {fileID: 1050781259355316}
  m_Enabled: 1
  serializedVersion: 8
  m_Type: 2
  m_Color: {r: 0.62352943, g: 0.50980395, b: 0.56078434, a: 1}
  m_Intensity: 1.26
  m_Range: 4.73
  m_SpotAngle: 158
  m_CookieSize: 10
  m_Shadows:
    m_Type: 0
    m_Resolution: -1
    m_CustomResolution: -1
    m_Strength: 0.05
    m_Bias: 0.05
    m_NormalBias: 0.4
    m_NearPlane: 0.2
  m_Cookie: {fileID: 0}
  m_DrawHalo: 0
  m_Flare: {fileID: 0}
  m_RenderMode: 0
  m_CullingMask:
    serializedVersion: 2
    m_Bits: 1610596351
  m_Lightmapping: 2
  m_AreaSize: {x: 1, y: 1}
  m_BounceIntensity: 1
  m_ColorTemperature: 6570
  m_UseColorTemperature: 0
  m_ShadowRadius: 0
  m_ShadowAngle: 0
--- !u!114 &114490271858875404
MonoBehaviour:
  m_ObjectHideFlags: 1
  m_PrefabParentObject: {fileID: 0}
  m_PrefabInternal: {fileID: 100100000}
  m_GameObject: {fileID: 1948528408459766}
  m_Enabled: 1
  m_EditorHideFlags: 0
  m_Script: {fileID: 11500000, guid: dafc90245bfe9e2408e358f71deace2a, type: 3}
  m_Name: 
  m_EditorClassIdentifier: 
  SampleCount: 8
  ScatteringCoef: 0.5
  ExtinctionCoef: 0.01
  SkyboxExtinctionCoef: 0.9
  MieG: 0.1
  HeightFog: 0
  HeightScale: 0.1
  GroundLevel: 0
  Noise: 0
  NoiseScale: 0.015
  NoiseIntensity: 1
  NoiseIntensityOffset: 0.3
  NoiseVelocity: {x: 3, y: 3}
  MaxRayLength: 400
--- !u!215 &215140723422231050
ReflectionProbe:
  m_ObjectHideFlags: 1
  m_PrefabParentObject: {fileID: 0}
  m_PrefabInternal: {fileID: 100100000}
  m_GameObject: {fileID: 1186670607072938}
  m_Enabled: 1
  serializedVersion: 2
  m_Type: 0
  m_Mode: 0
  m_RefreshMode: 0
  m_TimeSlicingMode: 0
  m_Resolution: 512
  m_UpdateFrequency: 0
  m_BoxSize: {x: 5.77, y: 4.87, z: 4.17}
  m_BoxOffset: {x: 0, y: 0, z: 0}
  m_NearClip: 0.3
  m_FarClip: 1000
  m_ShadowDistance: 100
  m_ClearFlags: 1
  m_BackGroundColor: {r: 0.19215687, g: 0.3019608, b: 0.4745098, a: 0}
  m_CullingMask:
    serializedVersion: 2
    m_Bits: 1610596351
  m_IntensityMultiplier: 1.2
  m_BlendDistance: 1
  m_HDR: 1
  m_BoxProjection: 1
  m_RenderDynamicObjects: 0
  m_UseOcclusionCulling: 1
  m_Importance: 1
  m_CustomBakedTexture: {fileID: 0}
--- !u!215 &215146075312739448
ReflectionProbe:
  m_ObjectHideFlags: 1
  m_PrefabParentObject: {fileID: 0}
  m_PrefabInternal: {fileID: 100100000}
  m_GameObject: {fileID: 1270799206094228}
  m_Enabled: 1
  serializedVersion: 2
  m_Type: 0
  m_Mode: 0
  m_RefreshMode: 0
  m_TimeSlicingMode: 0
  m_Resolution: 512
  m_UpdateFrequency: 0
  m_BoxSize: {x: 7.64, y: 4.87, z: 6.79}
  m_BoxOffset: {x: 0, y: 0, z: 0}
  m_NearClip: 0.3
  m_FarClip: 1000
  m_ShadowDistance: 100
  m_ClearFlags: 1
  m_BackGroundColor: {r: 0.19215687, g: 0.3019608, b: 0.4745098, a: 0}
  m_CullingMask:
    serializedVersion: 2
    m_Bits: 1610596351
  m_IntensityMultiplier: 1.2
  m_BlendDistance: 1
  m_HDR: 1
  m_BoxProjection: 1
  m_RenderDynamicObjects: 0
  m_UseOcclusionCulling: 1
  m_Importance: 1
  m_CustomBakedTexture: {fileID: 0}
--- !u!215 &215553004273383016
ReflectionProbe:
  m_ObjectHideFlags: 1
  m_PrefabParentObject: {fileID: 0}
  m_PrefabInternal: {fileID: 100100000}
  m_GameObject: {fileID: 1029734171222458}
  m_Enabled: 1
  serializedVersion: 2
  m_Type: 0
  m_Mode: 0
  m_RefreshMode: 0
  m_TimeSlicingMode: 0
  m_Resolution: 512
  m_UpdateFrequency: 0
  m_BoxSize: {x: 6.91, y: 4.87, z: 4.17}
  m_BoxOffset: {x: 0, y: 0, z: 0}
  m_NearClip: 0.3
  m_FarClip: 1000
  m_ShadowDistance: 100
  m_ClearFlags: 1
  m_BackGroundColor: {r: 0.19215687, g: 0.3019608, b: 0.4745098, a: 0}
  m_CullingMask:
    serializedVersion: 2
    m_Bits: 1610596351
  m_IntensityMultiplier: 1.2
  m_BlendDistance: 1
  m_HDR: 1
  m_BoxProjection: 1
  m_RenderDynamicObjects: 0
  m_UseOcclusionCulling: 1
  m_Importance: 1
  m_CustomBakedTexture: {fileID: 0}
--- !u!215 &215640682986257586
ReflectionProbe:
  m_ObjectHideFlags: 1
  m_PrefabParentObject: {fileID: 0}
  m_PrefabInternal: {fileID: 100100000}
  m_GameObject: {fileID: 1930310027886718}
  m_Enabled: 1
  serializedVersion: 2
  m_Type: 0
  m_Mode: 0
  m_RefreshMode: 0
  m_TimeSlicingMode: 0
  m_Resolution: 512
  m_UpdateFrequency: 0
  m_BoxSize: {x: 5.77, y: 4.87, z: 4.17}
  m_BoxOffset: {x: 0, y: 0, z: 0}
  m_NearClip: 0.3
  m_FarClip: 1000
  m_ShadowDistance: 100
  m_ClearFlags: 1
  m_BackGroundColor: {r: 0.19215687, g: 0.3019608, b: 0.4745098, a: 0}
  m_CullingMask:
    serializedVersion: 2
    m_Bits: 1610612735
  m_IntensityMultiplier: 1.2
  m_BlendDistance: 1
  m_HDR: 1
  m_BoxProjection: 1
  m_RenderDynamicObjects: 0
  m_UseOcclusionCulling: 1
  m_Importance: 1
  m_CustomBakedTexture: {fileID: 0}
--- !u!215 &215802168749917166
ReflectionProbe:
  m_ObjectHideFlags: 1
  m_PrefabParentObject: {fileID: 0}
  m_PrefabInternal: {fileID: 100100000}
  m_GameObject: {fileID: 1479273069914032}
  m_Enabled: 1
  serializedVersion: 2
  m_Type: 0
  m_Mode: 0
  m_RefreshMode: 0
  m_TimeSlicingMode: 0
  m_Resolution: 512
  m_UpdateFrequency: 0
  m_BoxSize: {x: 7.64, y: 4.87, z: 6.79}
  m_BoxOffset: {x: 0, y: 0, z: 0}
  m_NearClip: 0.3
  m_FarClip: 1000
  m_ShadowDistance: 100
  m_ClearFlags: 1
  m_BackGroundColor: {r: 0.19215687, g: 0.3019608, b: 0.4745098, a: 0}
  m_CullingMask:
    serializedVersion: 2
    m_Bits: 1610596351
  m_IntensityMultiplier: 1.2
  m_BlendDistance: 1
  m_HDR: 1
  m_BoxProjection: 1
  m_RenderDynamicObjects: 0
  m_UseOcclusionCulling: 1
  m_Importance: 1
  m_CustomBakedTexture: {fileID: 0}
--- !u!220 &220683066285544154
LightProbeGroup:
  m_ObjectHideFlags: 1
  m_PrefabParentObject: {fileID: 0}
  m_PrefabInternal: {fileID: 100100000}
  m_GameObject: {fileID: 1503920765715122}
  m_Enabled: 1
  m_SourcePositions:
  - {x: -6.1014194, y: 2.5763, z: 2.9262142}
  - {x: -11.521486, y: 2.5763, z: 3.4557312}
  - {x: -11.521486, y: -1, z: 3.4557312}
  - {x: -11.521486, y: 0.85665894, z: 3.4557312}
  - {x: -6.1014194, y: 2.5763, z: 0.26540136}
  - {x: -6.1014194, y: 2.5763, z: -2.3571758}
  - {x: -6.1014194, y: -1, z: 0.26540136}
  - {x: -6.1014194, y: -1, z: -2.3571758}
  - {x: -10.569628, y: 2.5763, z: 0.26540136}
  - {x: -10.569628, y: -1, z: 0.26540136}
  - {x: -6.1014194, y: 0.85665894, z: 0.26540136}
  - {x: -6.1014194, y: 0.85665894, z: -2.3571758}
  - {x: -10.569628, y: 0.85665894, z: 0.26540136}
  - {x: 1, y: 2.5763, z: 6.134447}
  - {x: 1, y: -1, z: 6.134447}
  - {x: -1, y: 2.5763, z: 6.134447}
  - {x: -1, y: -1, z: 6.134447}
  - {x: 1, y: 0.85665894, z: 6.134447}
  - {x: -1, y: 0.85665894, z: 6.134447}
  - {x: 1, y: 2.5763, z: 0.26540136}
  - {x: 1, y: 2.5763, z: -2.3571758}
  - {x: 1, y: -1, z: 0.26540136}
  - {x: 1, y: -1, z: -2.3571758}
  - {x: -0.612973, y: 2.5763, z: 0.26540136}
  - {x: -1, y: 2.5763, z: -2.3571758}
  - {x: -0.612973, y: -1, z: 0.26540136}
  - {x: -1, y: -1, z: -2.3571758}
  - {x: 1, y: 0.85665894, z: 0.26540136}
  - {x: 1, y: 0.85665894, z: -2.3571758}
  - {x: -0.612973, y: 0.85665894, z: 0.26540136}
  - {x: -1, y: 0.85665894, z: -2.3571758}
  - {x: -3.0730429, y: 2.5763, z: 2.9262142}
  - {x: -4.1315684, y: 2.5763, z: 2.9262142}
  - {x: -3.0730429, y: 2.5763, z: 0.26540136}
  - {x: -3.0730429, y: 2.5763, z: -2.3571758}
  - {x: -3.0730429, y: -1, z: 0.26540136}
  - {x: -3.0730429, y: -1, z: -2.3571758}
  - {x: -4.1315684, y: 2.5763, z: 0.26540136}
  - {x: -4.1315684, y: 2.5763, z: -2.3571758}
  - {x: -4.1315684, y: -1, z: 0.26540136}
  - {x: -4.1315684, y: -1, z: -2.3571758}
  - {x: -3.0730429, y: 0.85665894, z: 0.26540136}
  - {x: -3.0730429, y: 0.85665894, z: -2.3571758}
  - {x: -4.1315684, y: 0.85665894, z: 0.26540136}
  - {x: -4.1315684, y: 0.85665894, z: -2.3571758}
  - {x: -9.105656, y: 2.5763, z: 2.9262142}
  - {x: -9.105656, y: -1, z: 2.9262142}
  - {x: -9.105656, y: 0.85665894, z: 2.9262142}
  - {x: -9.105656, y: 2.5763, z: 0.26540136}
  - {x: -9.724796, y: 2.5763, z: -2.3571758}
  - {x: -9.105656, y: -1, z: 0.26540136}
  - {x: -9.724796, y: -1, z: -2.3571758}
  - {x: -9.105656, y: 0.85665894, z: 0.26540136}
  - {x: -9.724796, y: 0.85665894, z: -2.3571758}
  - {x: -6.1014194, y: 2.5763, z: -1}
  - {x: -6.1014194, y: -1, z: -1}
  - {x: -6.1014194, y: 0.85665894, z: -1}
  - {x: 1, y: 2.5763, z: -1}
  - {x: 1, y: -1, z: -1}
  - {x: -0.612973, y: 2.5763, z: -1}
  - {x: -0.612973, y: -1, z: -1}
  - {x: 1, y: 0.85665894, z: -1}
  - {x: -0.612973, y: 0.85665894, z: -1}
  - {x: -3.0730429, y: 2.5763, z: -1}
  - {x: -3.0730429, y: -1, z: -1}
  - {x: -4.1315684, y: 2.5763, z: -1}
  - {x: -4.1315684, y: -1, z: -1}
  - {x: -3.0730429, y: 0.85665894, z: -1}
  - {x: -4.1315684, y: 0.85665894, z: -1}
  - {x: -9.724796, y: 2.5763, z: -1}
  - {x: -9.724796, y: -1, z: -1}
  - {x: -9.724796, y: 0.85665894, z: -1}
  - {x: 1, y: 2.5763, z: 2.9262142}
  - {x: 1, y: -1, z: 2.9262142}
  - {x: -1, y: 2.5763, z: 2.9262142}
  - {x: -1, y: -1, z: 2.9262142}
  - {x: 1, y: 0.85665894, z: 2.9262142}
  - {x: -1, y: 0.85665894, z: 2.9262142}
  - {x: -5.0730433, y: 2.5763, z: 2.9262142}
  - {x: -5.0730433, y: 2.5763, z: 0.26540136}
  - {x: -5.0730433, y: 2.5763, z: -2.3571758}
  - {x: -5.0730433, y: -1, z: 0.26540136}
  - {x: -5.0730433, y: -1, z: -2.3571758}
  - {x: -5.0730433, y: 0.85665894, z: 0.26540136}
  - {x: -5.0730433, y: 0.85665894, z: -2.3571758}
  - {x: -5.0730433, y: 2.5763, z: -1}
  - {x: -5.0730433, y: -1, z: -1}
  - {x: -5.0730433, y: 0.85665894, z: -1}
  - {x: -7.1056547, y: 2.5763, z: 3.2560265}
  - {x: -7.1056547, y: 2.5763, z: 0.26540136}
  - {x: -7.1056547, y: 2.5763, z: -2.3571758}
  - {x: -7.1056547, y: -1, z: 0.26540136}
  - {x: -7.1056547, y: -1, z: -2.3571758}
  - {x: -7.1056547, y: 0.85665894, z: 0.26540136}
  - {x: -7.1056547, y: 0.85665894, z: -2.3571758}
  - {x: -7.1056547, y: 2.5763, z: -1}
  - {x: -7.1056547, y: -1, z: -1}
  - {x: -7.1056547, y: 0.85665894, z: -1}
  - {x: -6.1014194, y: 2.5763, z: 2.9841206}
  - {x: -6.1014194, y: -1, z: 1.6513577}
  - {x: -11.924839, y: 2.5763, z: 1.6513577}
  - {x: -11.924839, y: -1, z: 1.6513577}
  - {x: -6.1014194, y: 0.85665894, z: 2.9841206}
  - {x: -11.924839, y: 0.85665894, z: 1.6513577}
  - {x: 1, y: 2.5763, z: 1.6513577}
  - {x: 1, y: -1, z: 1.6513577}
  - {x: -0.612973, y: 2.5763, z: 1.6513577}
  - {x: -0.612973, y: -1, z: 1.6513577}
  - {x: 1, y: 0.85665894, z: 1.6513577}
  - {x: -0.612973, y: 0.85665894, z: 1.6513577}
  - {x: -2.4399574, y: 2.5763, z: 2.9841206}
  - {x: -2.4399574, y: -1, z: 1.6513577}
  - {x: -4.1315684, y: 2.5763, z: 2.9841206}
  - {x: -4.1315684, y: -1, z: 1.6513577}
  - {x: -2.4399574, y: 0.85665894, z: 2.9841206}
  - {x: -4.1315684, y: 0.85665894, z: 2.9841206}
  - {x: -9.105656, y: 2.5763, z: 1.6513577}
  - {x: -9.105656, y: -1, z: 1.6513577}
  - {x: -9.105656, y: 0.85665894, z: 1.6513577}
  - {x: -5.0730433, y: 2.5763, z: 2.9841206}
  - {x: -5.0730433, y: -1, z: 1.6513577}
  - {x: -5.0730433, y: 0.85665894, z: 2.9841206}
  - {x: -7.9578743, y: 2.5763, z: 1.6513577}
  - {x: -7.9578743, y: -1, z: 1.6513577}
  - {x: -7.9578743, y: 0.85665894, z: 1.6513577}
  - {x: -6.1014194, y: 2.5763, z: 6.39223}
  - {x: -3.0730429, y: 2.5763, z: 6.39223}
  - {x: -4.1315684, y: 2.5763, z: 6.39223}
  - {x: -9.105656, y: 2.5763, z: 6.39223}
  - {x: -9.105656, y: -1, z: 6.39223}
  - {x: -9.105656, y: 0.85665894, z: 6.39223}
  - {x: 1, y: 2.5763, z: 4.101539}
  - {x: 1, y: -1, z: 4.101539}
  - {x: -1, y: 2.5763, z: 4.101539}
  - {x: -1, y: -1, z: 4.101539}
  - {x: 1, y: 0.85665894, z: 4.101539}
  - {x: -1, y: 0.85665894, z: 4.101539}
  - {x: -5.0730433, y: 2.5763, z: 6.39223}
  - {x: -7.1056547, y: 2.5763, z: 6.39223}
  - {x: -6.1014194, y: 2.5763, z: 4.431351}
  - {x: -3.0730429, y: 2.5763, z: 4.431351}
  - {x: -4.1315684, y: 2.5763, z: 4.431351}
  - {x: -9.105656, y: 2.5763, z: 4.101539}
  - {x: -9.105656, y: -1, z: 4.101539}
  - {x: -9.105656, y: 0.85665894, z: 4.101539}
  - {x: -5.0730433, y: 2.5763, z: 4.431351}
  - {x: -7.1056547, y: 2.5763, z: 4.431351}
  - {x: -6.1014194, y: 2.5763, z: 1.6513577}
  - {x: -6.1014194, y: 0.85665894, z: 1.6513577}
  - {x: -2.4399574, y: 2.5763, z: 1.6513577}
  - {x: -4.1315684, y: 2.5763, z: 1.6513577}
  - {x: -2.4399574, y: 0.85665894, z: 1.6513577}
  - {x: -4.1315684, y: 0.85665894, z: 1.6513577}
  - {x: -5.0730433, y: 2.5763, z: 1.6513577}
  - {x: -5.0730433, y: 0.85665894, z: 1.6513577}
